4358 5482
221 435 299 483 rare
325 406 552 496 ridebantur,
589 404 863 502 philosophiam,
896 428 959 477 sna
990 402 1158 477 industria
1175 403 1282 500 qnasi
1307 404 1343 474 in
1370 402 1516 477 Ictium
1541 403 1743 478 transferret
1760 403 1837 506 ⁶⁰),
1873 405 1923 478 ita

223 536 293 611 boc
319 534 505 611 consiliu·
536 545 741 630 persecutus
769 544 845 623 est,
883 543 922 603 ut
947 533 1095 628 primum
1124 530 1266 629 quidem
1296 532 1333 603 in
1365 530 1559 606 flonensis
1589 531 1635 605 de
1659 534 1756 607 unni
1784 535 1922 631 asplen-

222 667 290 740 aias
318 662 434 736 studio
457 661 640 734 dissereret
657 659 726 756 ³1),
754 657 879 731 deinde
903 684 985 733 nero
1010 660 1047 731 in
1068 658 1293 733 Academicis
1317 656 1534 750 dialecticae,
1569 658 1607 731 in
1632 658 1799 734 tibi-uta
1824 660 1923 733 tini·

223 791 291 865 bns
316 789 486 864 bonorum
514 786 745 860 etmalorum
769 786 902 859 ethicae
928 786 1131 885 disciplinae
1155 783 1390 859 fundamentis
1415 787 1539 884 positis
1565 799 1739 884 postremo
1765 786 1812 860 nd
1834 786 1923 887 plep-

223 920 333 995 sicnm
363 917 545 1006 transiret,
582 911 684 1010 cnjus
709 939 815 1010 quum
842 915 1078 1012 insignissima
1108 939 1191 1012 pars
1218 939 1264 986 ox
1289 914 1505 1011 antiquitatis
1532 917 1701 988 sententia
1725 917 1762 988 in
1791 913 1925 990 theolo-

222 1047 280 1145 gia
307 1044 417 1142 posita
443 1053 553 1134 esset,
581 1040 686 1139 hujus
709 1040 849 1139 quidem
866 1040 942 1113 loci
966 1043 1200 1139 quaestionem
1227 1065 1295 1114 uon
1320 1038 1436 1112 solnm
1461 1039 1574 1113 tribus
1598 1039 1697 1114 libris
1721 1042 1764 1113 de
1790 1043 1926 1116 Natura

221 1173 379 1246 Deorum
405 1167 683 1266 comprehendit,
715 1169 898 1241 sedetiam
924 1180 963 1240 ut
986 1177 1077 1242 esset
1102 1168 1204 1266 plene
1232 1167 1475 1264 cumulateque
1501 1168 1677 1266 perfecta,
1708 1168 1753 1241 de
1778 1170 1926 1242 Divino·

223 1302 317 1371 tione
342 1298 501 1394 Fatoque
535 1296 676 1372 totidem
705 1297 830 1396 adjecit
846 1293 922 1394 ⁵²),
963 1321 1007 1369 nc
1035 1308 1149 1368 tamen
1175 1293 1231 1367 bis
1263 1319 1352 1391 qnae
1381 1307 1528 1368 aetatem
1560 1295 1715 1368 tulerunt
1750 1307 1862 1368 totum
1894 1297 1927 1368 ei

224 1423 463 1525 philosophiae
491 1448 652 1522 campum
682 1424 887 1497 conclusum
914 1434 949 1494 et
978 1421 1177 1496 absolutum
1208 1424 1321 1496 visum
1351 1447 1432 1495 esse
1462 1433 1644 1521 putemus,
1682 1424 1796 1521 ipsius
1821 1421 1928 1496 verba

223 1551 409 1652 prohibent
426 1551 649 1651 ³³),quibus
676 1563 753 1649 post
770 1561 986 1623 enumeratos
1008 1575 1098 1648 quos
1122 1549 1225 1623 modo
1246 1552 1484 1624 recensuimus
1506 1549 1616 1624 libros
1640 1551 1812 1650 eliosque,
1837 1577 1928 1650 quos

224 1683 262 1754 iu
285 1680 406 1755 ecdem
429 1705 556 1780 genere
570 1682 678 1776 prius
708 1680 905 1774 scripserat,
934 1680 979 1750 ita
1008 1679 1144 1778 pergit:
1169 1678 1288 1769 adbuc
1314 1678 1402 1749 baec
1426 1689 1553 1772 meat,
1578 1680 1628 1749 ud
1650 1679 1792 1779 reliqua
1811 1679 1930 1751 cheri

227 1811 454 1882 tendebamus
480 1807 623 1896 animo,
657 1806 710 1876 alc
739 1807 883 1901 pucati,
924 1816 965 1878 ut
991 1805 1064 1877 ntra·
1090 1831 1182 1906 quae
1212 1830 1321 1878 cause
1354 1805 1500 1903 qruvicr
1538 1804 1747 1899 obstitisset,
1791 1806 1930 1879 nullasne

224 1936 474 2034 philosophiae
506 1932 622 2004 laeum
651 1955 725 2003 ease
752 1945 977 2029 potaremrm,
1019 1933 1083 2033 qru'
1110 1957 1184 2005 non
1215 1932 1360 2005 Latium
1394 1931 1507 2004 literis
1541 1931 1740 2006 illustrdus
1766 1945 1927 2030 pateret,

227 2062 323 2162 qnod
348 2065 380 2135 si
404 2060 473 2134 hoc
501 2071 593 2133 certa
620 2071 717 2133 extra
743 2086 880 2134 omnem
908 2059 1156 2135 dubitationem
1184 2061 1334 2157 positum
1355 2070 1433 2150 est,
1476 2083 1552 2131 enm
1579 2058 1817 2158 philosophiae
1847 2086 1928 2159 par·

227 2202 319 2280 mm,
350 2213 440 2286 quae
467 2186 511 2260 dc
537 2213 656 2289 rerum·
681 2200 804 2260 natura
821 2200 899 2279 est,
931 2187 988 2261 his
1014 2185 1295 2287 quaestionibus,
1320 2210 1409 2283 quae
1433 2184 1479 2258 ad
1508 2185 1593 2259 deos
1621 2187 1801 2285 fatumque
1823 2190 1929 2286 perti·

228 2327 334 2408 nent,
369 2340 438 2389 unu
464 2313 619 2406 absolvi,
652 2316 728 2411 ipsc
757 2315 937 2390 Ciceronis
962 2318 1157 2391 testimonio
1184 2314 1265 2388 freti
1293 2325 1329 2388 et
1354 2312 1431 2385 fieri
1462 2315 1616 2411 potuisse
1641 2326 1679 2387 ct
1706 2316 1774 2412 ipsi
1802 2340 1929 2412 propo·

227 2445 331 2517 situm
356 2441 461 2515 fuisse
489 2452 700 2535 statuemus,
738 2454 777 2514 ut
801 2447 903 2517 etiarn
931 2445 1084 2544 reliquos
1114 2441 1189 2541 ejus
1218 2442 1327 2540 partis
1353 2441 1450 2514 locos
1477 2441 1520 2514 de
1546 2443 1718 2516 creatione
1747 2441 1868 2514 mundi
1895 2453 1930 2515 ot

228 2569 371 2643 hnmani
399 2571 557 2667 corporis
579 2566 713 2644 ,lubrica
746 2567 909 2670 deinceps
937 2582 1112 2645 tractaret.
1173 2570 1218 2642 ld
1249 2595 1332 2643 vero
1364 2572 1395 2642 si
1425 2568 1529 2661 lecit,
1565 2568 1686 2643 εοάοιιι
1719 2568 1823 2643 modo
1855 2568 1932 2643 lieri

229 2709 499 2773 consentaneum
528 2707 622 2787 eret,
663 2721 767 2793 quem
796 2701 897 2771 etiam
930 2698 1055 2796 reliqui
1083 2697 1184 2791 libri,
1220 2700 1353 2796 quiex
1376 2695 1446 2770 hoc
1471 2696 1556 2770 orbe
1586 2705 1743 2789 exstant,
1781 2721 1865 2794 prae
1892 2718 1931 2768 se

228 2823 366 2919 lerunt,
399 2837 440 2897 ut
463 2825 635 2896 variarum
660 2823 856 2897 scholarum
881 2827 1008 2924 plrcita
1031 2851 1052 2898 a
1075 2829 1179 2899 variis
1203 2824 1403 2900 hominibus
1427 2835 1653 2917 enarrentur,
1686 2824 1798 2922 ipsius
1815 2834 1929 2897 autem

229 2956 407 3053 scriptoris
434 2954 601 3026 sententia
630 2964 691 3024 aut
718 2955 755 3023 iu
784 2951 852 3025 line
881 2963 1013 3025 tantum
1041 2951 1186 3026 accedat
1222 2964 1283 3025 aut
1318 2954 1441 3025 ceteris
1477 2953 1524 3026 ita
1554 2964 1773 3051 opponatur,
1809 2964 1847 3025 ut
1877 2953 1929 3023 uib

227 3080 300 3154 hilo
329 3084 444 3153 miuus
470 3082 506 3151 in
531 3091 712 3176 utramque
742 3091 874 3179 partem
900 3079 1068 3178 disputari
1093 3105 1197 3179 posse
1220 3092 1385 3178 apparent
1404 3079 1477 3180 54);
1516 3105 1606 3180 qnae
1634 3105 1741 3177 quum
1766 3081 1815 3152 ita
1842 3081 1927 3170 sint,

300 3263 348 3331 30)
368 3264 413 3315 Gt.
434 3265 547 3317 Tnacnl.
566 3266 591 3316 1.
609 3263 639 3316 3.
660 3263 692 3314 5ι
712 3263 891 3334 philosoplis
903 3263 1001 3335 jaera't
1016 3282 1102 3335 raeque
1118 3264 1157 3315 ad
1173 3263 1246 3314 terre
1263 3271 1378 3314 aetate·
1395 3281 1444 3314 aee
1458 3263 1547 3315 uuam
1564 3262 1664 3315 tatatr
1682 3262 1772 3314 lamera
1790 3262 1930 3315 ditmar

229 3361 408 3422 latinorum
434 3379 504 3431 quae
522 3360 689 3413 illrutranda
710 3369 737 3412 ct
753 3361 898 3414 excitando
913 3364 993 3414 nobie
1009 3371 1066 3422 ert,
1084 3370 1117 3413 ret
1130 3363 1157 3412 ri
1173 3361 1300 3431 occupati
1313 3361 1468 3432 profuturas
1486 3361 1596 3433 aliquid
1612 3361 1717 3414 eicitur
1733 3361 1851 3420 ιωειήι,
1866 3376 1930 3431 pre-

230 3462 313 3512 rr‘erarr
331 3462 423 3519 etiarn,
434 3461 468 3511 ‘rr'
481 3476 634 3530 patremne,
653 3460 750 3520 stistte
778 3459 933 3529 ibidemque
952 3459 990 3510 11.
1010 3459 1038 3512 2.
1059 3459 1091 3511 br
1114 3462 1285 3531 quaracla-ers
1303 3459 1397 3511 horter
1415 3477 1514 3519 emmer,
1536 3460 1586 3529 qaas'
1601 3457 1692 3528 [aare
1709 3457 1739 3510 r‘d
1755 3465 1879 3530 purast,
1900 3465 1932 3507 art

232 3553 316 3629 hujus
333 3573 441 3628 quaque
457 3557 563 3627 peaerr'r
581 3555 688 3611 laudern
712 3556 858 3629 lanquenta’
866 3556 930 3628 jera
950 3556 1081 3611 Graeciae
1097 3558 1230 3629 eripient,
1254 3567 1282 3609 et
1295 3556 1438 3628 perferret
1453 3559 1483 3609 ia
1502 3557 1572 3608 haue
1590 3555 1696 3617 uben,
1721 3556 1794 3607 aient
1810 3553 1932 3624 reliquae

231 3672 337 3716 cmm,
368 3672 438 3726 quere
461 3653 570 3724 quidese
594 3664 672 3707 esaar
691 3655 870 3724 expetendae,
895 3655 987 3707 stedia
1011 3666 1093 3726 atque
1116 3654 1253 3706 industria
1270 3671 1321 3705 sara
1338 3653 1455 3726 majores
1472 3655 1560 3706 narni
1577 3653 1791 3711 emutescere
1820 3658 1878 3702 tun
1896 3650 1931 3703 de

230 3751 294 3808 Nnt.
312 3753 395 3805 Dece.
413 3751 435 3802 l.
456 3751 489 3802 ta
519 3753 636 3822 pateam
660 3754 746 3824 ipsias
768 3755 809 3804 rei
829 3753 958 3822 publicae
982 3770 1064 3807 uere
1085 3752 1289 3823 philosophiam
1314 3753 1414 3802 neruis
1438 3750 1593 3803 bominibus
1612 3748 1802 3822 uplieeadaar
1818 3749 1930 3819 putaui,

232 3850 327 3920 nepai
343 3850 498 3900 existimans
514 3850 640 3902 interesse
657 3848 695 3901 nd
712 3849 793 3902 decer
810 3859 838 3901 et
851 3848 890 3901 ad
907 3848 1016 3901 leaders
1034 3850 1164 3909 cr'er'tets'e,
1180 3868 1222 3900 res
1240 3857 1297 3900 rasa
1312 3865 1409 3919 graver
1426 3857 1534 3919 tamque
1548 3848 1707 3919 praeclaras
1721 3847 1833 3897 ίιιίιιίε
1851 3846 1933 3897 eticae

233 3946 320 3998 literis
343 3946 490 4006 ιοκιὺιηίς
519 3946 651 4016 imprimis
675 3953 764 3999 antem
793 3947 885 3997 Diriu.
906 3946 945 3998 ll.
969 3945 982 3998 1
1013 3947 1144 4017 pluraque
1169 3947 1241 4015 apud
1265 3941 1395 3996 hleinera.
1422 3964 1507 4000 verm.
1533 3945 1635 4016 philos.
1663 3945 1820 4006 Schriften,
1852 3943 1931 4014 Llpa.

234 4042 313 4096 tttt.
334 4041 362 4094 8.
382 4043 416 4095 Τ.
432 4042 456 4106 l,
474 4061 503 4113 p.
518 4042 573 4098 282
584 4059 659 4115 sqq..
676 4044 713 4097 ll.
735 4043 800 4097 cnr.
820 4045 895 4098 Frid.
916 4045 1094 4098 llilaemann.
1114 4047 1148 4099 sle
1164 4045 1259 4097 indole
1277 4043 1465 4116 philosophica
1486 4044 1638 4106 Ciceronis,
1657 4041 1780 4095 Lunneb.
1802 4040 1881 4094 1792.
1903 4041 1931 4102 l,

233 4147 262 4198 el
279 4138 398 4195 ltrihner.
418 4141 438 4192 l.
458 4157 485 4191 c.
503 4157 533 4210 p.
553 4139 589 4193 62
606 4158 667 4211 sqq.

305 4237 352 4306 tt)
371 4237 512 4290 llcrtensii
532 4239 597 4311 libri
616 4239 790 4292 ciceroniani
815 4239 967 4308 trrgmeata
988 4256 1079 4310 nuper.
1097 4240 1212 4307 collegit
1236 4245 1264 4290 et
1288 4239 1374 4291 edidit
1397 4241 1472 4292 Frid.
1493 4238 1675 4291 Schneiderus
1693 4235 1933 4290 Trrearerrnoviae

237 4334 315 4388 l8ll.
335 4335 380 4397 8.;
405 4342 544 4406 praeterea
561 4336 600 4387 cf.
621 4336 771 4388 Heurdlnm
791 4337 812 4388 l.
833 4353 858 4391 e.
878 4355 906 4407 p·
926 4337 979 4390 250
998 4355 1058 4407 sqq.
1079 4344 1107 4390 et
1122 4335 1267 4390 liitaebelii
1287 4334 1359 4389 lllna.
1379 4335 1503 4389 Rhenes.
1522 4334 1556 4385 Τ.
1575 4333 1649 4405 1,.p.
1670 4334 1720 4388 128
1738 4350 1800 4403 sqq.

304 4431 352 4500 ³2)
370 4432 416 4485 (lt.
437 4433 557 4486 lirircbii
573 4433 768 4503 Forrebungen
786 4441 839 4488 ete.
858 4453 887 4507 p.
908 4435 933 4486 t.

306 4529 352 4598 33)
370 4532 463 4584 Diria.
482 4531 520 4583 11.
540 4530 569 4586 2.

306 4627 353 4698 ss)
371 4630 425 4685 nn
444 4632 514 4684 esra
533 4634 574 4681 su
590 4628 768 4682 Aenianum
786 4647 856 4690 ms,
883 4647 936 4698 ,aa
960 4647 989 4683 ι.
1011 4631 1041 4683 ιι
1066 4628 1263 4700 ,amessias
1286 4630 1343 4682 ..ιι
1372 4629 1481 4699 saepae
1500 4632 1542 4685 sc
1559 4628 1704 4700 ponem
1722 4630 1758 4680 ιι
1774 4632 1831 4681 ιιι.
1850 4594 1933 4688 ‘xtra
