4358 5482
1075 206 1110 293 i

240 436 373 536 dialogi·
395 435 533 524 lorma,
570 456 640 530 qua
670 431 701 502 is
734 429 795 527 qui
828 424 932 500 verha
963 427 1047 500 facit
1079 426 1164 499 alios
1198 452 1315 501 eoram
1349 442 1500 503 astantes
1538 431 1669 531 alloqui
1704 435 1861 509 rideatur
1879 438 1948 539 22),

240 578 353 639 umen
395 572 431 636 ct
470 558 772 632 interlocutionem
813 556 971 646 sustulit,
1015 553 1127 653 qualis
1163 556 1200 626 in
1242 559 1319 655 ipso
1350 557 1411 633 illo
1443 560 1541 651 loco,
1578 586 1683 659 quem
1716 564 1951 662 fragmentum

241 690 343 767 nohis
369 688 530 762 relictum
555 684 837 786 comprehendit,
874 686 909 756 in
937 682 1082 756 Graccis
1112 686 1264 757 cernitur
1285 688 1362 786 2⁵),
1397 700 1431 761 et
1464 715 1600 762 omnem
1627 692 1775 762 nominis
1802 693 1950 791 alicujus

242 818 506 921 appellationem
533 818 581 888 ita
606 815 773 904 evitavit,
810 822 851 883 ut
884 808 970 882 nihil
1000 813 1113 882 minus
1139 824 1271 884 eertum
1302 817 1368 906 sit,
1404 844 1507 915 (quam
1539 820 1648 914 ipsius
1682 816 1787 916 hujus
1821 820 1950 920 dialogi

239 948 428 1049 participes
452 955 558 1044 etque
583 942 756 1014 auditores
782 937 921 1012 eosdem
953 940 1155 1037 cogitandos
1185 966 1281 1033 esse,
1317 968 1406 1039 quos
1438 944 1530 1043 apud
1560 945 1744 1019 Platonem
1779 973 1857 1020 curn
1883 950 1950 1021 'ri-

243 1098 341 1147 moso
362 1071 503 1171 junctos
532 1068 705 1142 ridemus.
765 1066 891 1165 Longe
916 1066 1014 1138 aliter
1042 1064 1110 1140 hoc
1139 1070 1175 1139 in
1200 1070 1393 1168 Protagora
1423 1073 1592 1163 instituit,
1628 1074 1727 1171 cajus
1753 1101 1868 1148 veram
1894 1079 1948 1149 in-

242 1201 519 1299 terpretationem
550 1198 661 1270 luisse
691 1196 746 1270 vel
779 1197 923 1291 exiguae
953 1192 1032 1266 illae
1064 1194 1230 1293 reliquiae
1255 1196 1453 1291 declarant,
1490 1225 1577 1296 quas
1606 1202 1812 1276 Priscianus
1838 1216 1882 1276 cx'
1906 1230 1949 1278 co

240 1328 376 1427 dialogo
401 1328 550 1399 sensuit
572 1324 650 1423 ²4),
684 1326 722 1395 in
747 1323 893 1396 Timaeo
918 1333 1033 1394 autem
1064 1348 1107 1395 ne
1137 1324 1174 1395 id
1207 1324 1346 1423 quidem
1379 1337 1533 1421 constat,
1569 1330 1644 1424 ipsa
1678 1354 1767 1425 quae
1799 1332 1946 1431 legimus

238 1455 345 1531 uerha
370 1454 463 1554 apud
488 1453 693 1527 Ciceronem
718 1476 858 1549 qnoque
890 1461 928 1523 ut
959 1449 1052 1549 apud
1077 1450 1261 1525 Platonem
1294 1479 1338 1526 ex
1370 1456 1506 1527 Timaei
1538 1454 1769 1554 Pythagorici
1801 1485 1949 1555 persona

238 1582 332 1657 dictu
370 1581 501 1676 luisse3
545 1585 651 1654 immo
682 1578 868 1653 identidem
901 1582 947 1652 ita
983 1579 1231 1653 conformatam
1266 1584 1455 1656 orationem
1492 1581 1801 1679 deprehendimus,
1842 1598 1880 1657 ut
1914 1600 1949 1660 ct

238 1715 270 1785 is
294 1712 357 1809 qui
387 1709 541 1807 loquitur
564 1721 600 1782 et
624 1712 649 1781 ii
673 1707 880 1807 quibuscum
906 1707 1060 1805 loquitur
1084 1709 1235 1780 Romani
1260 1734 1337 1782 esse
1363 1709 1565 1804 videantur,
1603 1735 1668 1783 nec
1693 1712 1723 1782 si
1748 1711 1805 1782 vel
1837 1737 1877 1784 ea
1904 1739 1948 1785 ex

238 1840 374 1913 Timaei
396 1862 458 1911 ore
482 1839 638 1936 repetiit,
676 1834 804 1934 quihus
829 1834 889 1907 illc
914 1834 1008 1932 apud
1033 1835 1217 1937 Platonem
1247 1838 1422 1912 auditores
1457 1864 1539 1912 suos
1565 1839 1772 1937 alloquitur,
1813 1849 1946 1910 tantum

237 1966 307 2040 hoe
340 1965 503 2065 ponderis
538 1963 664 2057 hahet,
711 1973 751 2035 nt
791 1961 973 2035 credamus
1005 1959 1180 2035 Graccum
1211 1963 1386 2038 homiuem
1421 1969 1467 2037 ita
1503 1967 1700 2064 loquentem
1734 1965 1852 2040 induci
1884 1993 1946 2065 po·

238 2096 372 2187 tuisse,
399 2104 440 2166 ut
462 2094 581 2165 Latini
606 2093 775 2165 sermonis
799 2090 1083 2165 consuetudinem
1110 2104 1273 2191 tanquam
1300 2121 1397 2167 suam
1424 2091 1580 2167 Graecae
1602 2106 1765 2193 tanquam
1792 2098 1945 2194 peregri·

239 2247 303 2297 uae
328 2234 530 2322 opponeret.
583 2224 639 2295 lta
664 2248 747 2296 vero
771 2248 805 2294 c.
827 2219 855 2292 ll
881 2218 1018 2293 Gracco
1042 2215 1255 2319 ἀναλογίας
1287 2221 1458 2296 vocabulo
1494 2221 1581 2295 haec
1617 2222 1778 2320 subjicit:
1815 2224 1947 2297 Latiae

239 2350 462 2451 (anaimdam
488 2364 540 2425 eat
568 2354 682 2442 enim,
716 2352 884 2452 quoniam
912 2350 1000 2422 hacc
1028 2352 1183 2446 primam
1208 2375 1231 2420 a
1257 2350 1359 2420 nohis
1388 2349 1582 2448 tencantur)
1616 2354 1834 2449 cornpnrntio
1859 2381 1945 2450 pro·

234 2482 497 2579 portiooc,dici
517 2492 651 2577 potast3
676 2482 757 2552 item
780 2503 813 2551 c.
837 2477 885 2551 6:
912 2481 1097 2578 qlohoanm
1121 2489 1172 2550 est
1196 2477 1407 2578 saisientur,
1441 2479 1537 2578 quand
1560 2472 1787 2582 σφαιροειδὲς
1811 2480 1948 2555 Graeci

238 2619 388 2703 vocant,
419 2632 453 2680 c.
476 2605 521 2679 72
555 2609 616 2679 vix
639 2610 732 2681 enim
760 2610 875 2681 audeo
898 2610 1018 2680 dicere
1045 2608 1249 2680 medietates
1257 2655 1270 2696 ,
1305 2631 1393 2705 quana
1422 2605 1557 2677 Gracci
1580 2603 1794 2702 μεσότητας
1819 2607 1942 2703 appel·

239 2734 337 2829 tura,-
380 2736 612 2833 insignissime
643 2749 758 2810 autem
792 2761 826 2809 c.
851 2734 923 2809 10:
962 2749 1001 2809 at
1028 2735 1121 2807 laone
1154 2734 1222 2805 hae
1250 2735 1422 2806 varietate
1456 2733 1660 2805 distinctam
1691 2736 1777 2808 hene
1809 2734 1946 2807 Graeci

234 2856 391 2961 cirpea,
420 2888 486 2935 nos
520 2863 692 2937 lucentem
725 2866 893 2936 mandam
923 2865 1184 2936 nonuinarcmns
1195 2913 1208 2954 ,
1248 2874 1283 2935 et
1317 2888 1349 2933 e.
1375 2857 1444 2932 ll:
1485 2887 1572 2962 quana
1607 2861 1742 2934 Graeci
1768 2854 1943 2959 δαίμονας

235 2991 441 3091 appellant,
477 2994 611 3083 nostri,
640 3004 680 3063 at
706 2994 850 3088 opinor,
879 2994 1015 3083 Lares,
1042 2991 1201 3063 simodo
1226 2990 1293 3062 leon
1319 3001 1414 3063 recte
1441 3014 1646 3061 eoravcrnnn
1672 2991 1789 3061 videri
1811 3001 1940 3086 proteat,

233 3144 348 3217 neque
371 3118 458 3191 illud
485 3116 660 3193 Graccum
687 3123 797 3220 magis
822 3146 927 3218 quam
947 3119 1112 3192 Latinum
1139 3132 1309 3192 oratorem
1332 3118 1505 3209 declarat,
1537 3118 1631 3215 quod
1653 3128 1712 3191 aut
1737 3142 1802 3216 pro
1822 3116 1942 3217 Tethy

233 3246 422 3321 Salaciam
446 3244 591 3319 Oceano
613 3274 754 3322 uxorem
777 3247 922 3339 addidit,
949 3259 1008 3320 aut
1029 3247 1073 3319 ad
1094 3251 1285 3345 prosapiae
1308 3246 1515 3320 vocabulum
1538 3246 1616 3318 data
1638 3271 1743 3342 opera
1769 3248 1881 3319 veteri
1903 3273 1942 3319 sc

233 3376 341 3449 verbo
363 3376 420 3446 ati
437 3376 634 3469 aunotmit3
662 3378 803 3474 quaesi
828 3400 908 3448 cum
933 3377 977 3447 iis
1001 3379 1335 3474 comparaverimus,
1358 3375 1485 3474 quihus
1507 3378 1609 3448 etiam
1632 3378 1668 3446 iu
1690 3373 1767 3447 aliis
1792 3374 1939 3473 dialogis

234 3505 308 3577 suis
334 3500 585 3602 philosophicis
607 3501 773 3576 Latinum
800 3528 994 3576 sermonem
1024 3502 1068 3574 ad
1094 3503 1249 3578 Graecae
1274 3502 1442 3577 libertatis
1466 3502 1729 3575 aemulationem
1760 3502 1941 3575 traducere

236 3644 381 3705 conatur
398 3630 476 3732 2⁵),
513 3632 608 3704 haud
638 3635 712 3706 seio
745 3658 790 3704 an
822 3632 866 3706 de
897 3643 968 3706 toto
1001 3629 1069 3706 hoe
1102 3634 1297 3733 fragmento
1328 3634 1432 3733 longe
1464 3630 1562 3705 aliter
1586 3630 1778 3730 judicaturi
1811 3631 1937 3722 simus,

258 3792 601 3807 -u—--——
644 3800 647 3805 .

308 3884 357 3954 22)
375 3884 421 3937 Sic
442 3884 576 3955 imprimis
594 3899 619 3936 e.
642 3883 674 3935 32
704 3903 819 3955 aequam
838 3895 877 3938 ert
897 3887 966 3938 rainu
983 3886 1132 3937 neminisse
1150 3894 1176 3939 et
1196 3904 1237 3938 ne
1254 3886 1305 3957 qai
1324 3885 1451 3937 discernar
1469 3884 1600 3937 honinem
1618 3901 1671 3934 esse
1694 3891 1720 3934 et
1736 3898 1783 3933 aaa
1802 3880 1940 3953 qei'jndi·

233 3981 317 4042 mm,
335 3992 366 4035 at
382 3985 409 4036 ai
422 3983 582 4054 probabilia
600 3980 737 4041 dicentur,
756 3999 790 4033 are
808 3984 877 4056 qnid
893 3985 969 4036 ultra
985 3986 1142 4055 requiratis.

303 4076 351 4146 2³)
372 4082 404 4131 P.
423 4079 458 4133 2⁹
477 4081 521 4131 nr
548 4077 658 4152 «ipsura,
681 4066 703 4131 ai
722 4084 826 4147 Τίμαιε,
852 4083 1049 4136 aarrduaaire
1067 4077 1226 4142 desciuisse
1246 4079 1403 4134 α’,ιοδιιιέοι
1418 4081 1474 4132 κτλ.
1518 4077 1638 4131 Socratis
1658 4094 1765 4147 quoquc
1789 4076 1939 4148 appellatio

230 4194 260 4248 p.
278 4178 314 4231 20
334 4176 356 4231 C
376 4196 392 4229 ι
411 4177 517 4231 Latinis
534 4180 622 4231 short.

302 4274 350 4341 2⁴)
369 4275 414 4327 si.
434 4276 567 4329 Priscian.
586 4277 637 4328 Vl.
658 4275 702 4328 ll.
722 4274 773 4326 tta
801 4276 870 4348 qnid
885 4281 934 4329 tn?
951 4276 1023 4330 ande
1042 4278 1149 4331 taudem
1168 4295 1299 4349 appares,
1317 4292 1332 4327 a
1352 4276 1494 4327 Socrates?
1512 4293 1550 4327 aaa
1567 4273 1675 4347 quidem
1694 4293 1749 4328 ιιοιι
1767 4274 1879 4326 eludium
1898 4281 1938 4324 est

233 4374 301 4444 qaia
319 4373 355 4425 ai
370 4372 538 4425 Alcibiade?
555 4375 674 4444 itemque
694 4374 811 4443 llippiae
830 4375 913 4428 uerba
931 4377 1011 4428 vlu.
1030 4375 1057 4427 ⁷.
1079 4376 1129 4427 352
1160 4393 1232 4427 ιιιιιιι
1250 4394 1267 4427 a
1284 4374 1381 4434 vohis,
1400 4390 1415 4425 o
1434 4373 1588 4446 Protagora
1607 4383 1634 4425 et
1650 4375 1793 4432 Socrates,
1812 4372 1936 4442 portario,

232 4479 266 4523 at
282 4470 317 4522 de
334 4473 386 4524 ista
405 4469 557 4525 concedatis
574 4472 645 4524 alter
663 4475 746 4525 elteri
762 4480 816 4526 ete.

303 4569 352 4636 25)
372 4571 417 4624 Gl.
443 4590 470 4625 r.
490 4588 516 4625 c.
540 4572 666 4623 desdam.
688 4571 711 4622 l.
733 4572 762 4623 7.
782 4572 832 4623 25ι
863 4570 1067 4643 praelitam
1094 4571 1181 4644 igitur
1198 4568 1340 4641 appellaui
1356 4586 1427 4641 qaas
1445 4566 1586 4638 nuairprnr
1606 4569 1835 4629 (irretierunt,
1864 4567 1940 4640 quad

230 4668 319 4737 ipram
337 4668 414 4739 apud
433 4669 551 4725 Graecos
569 4688 624 4723 ιιοιι
645 4679 685 4721 cat
700 4670 781 4743 vulpi
797 4670 907 4722 aeriam
924 4669 972 4721 real
986 4669 1229 4741 philosophorum,
1247 4678 1329 4740 atque
1347 4668 1377 4720 id
1394 4671 1424 4721 ιἰι
1441 4669 1543 4720 multia.
1580 4665 1654 4721 lhid.
1675 4669 1700 4721 1.
1722 4666 1764 4720 ll.
1786 4666 1835 4719 tt:
1855 4686 1936 4740 quarn
