4358 5482
229 420 368 519 jectura
391 443 471 491 cum
495 416 610 515 aliqua
630 414 758 488 fiducia
778 426 1014 514 superstruere
1040 416 1227 513 possimus,
1254 426 1368 488 tamen
1391 441 1456 489 nec
1478 419 1563 492 illud
1587 421 1745 492 criticum
1767 419 1942 518 negligere

238 546 357 638 decet,
391 572 480 643 quae
505 546 724 641 potissimum
750 571 793 616 ex
818 555 870 617 tot
893 542 1123 636 lectionibus,
1159 555 1244 640 quot
1269 545 1379 618 nostri
1405 545 1541 619 codices
1567 547 1752 638 exhibent,
1780 549 1941 619 vetustis·

237 677 325 749 simo
353 674 530 771 interpreti
556 683 692 768 praesto
715 671 840 764 fuerit,
879 697 943 744 nec
968 673 999 745 si
1024 670 1164 771 quando
1188 696 1209 742 a
1231 697 1312 744 vera
1336 683 1370 744 et
1395 675 1545 771 genuina
1571 676 1749 771 seripturis
1774 675 1943 747 sententia

236 802 429 894 aberravit,
468 801 664 896 interpretis
690 798 757 871 lroc
787 798 1021 897 indiligentiae
1045 800 1154 899 magis
1177 824 1282 897 quam
1307 801 1415 897 ipsius
1440 800 1520 873 libri
1550 802 1744 874 difficultati
1775 802 1939 893 tribuam,

238 932 299 1030 qui
330 956 374 1002 ne
406 928 638 1026 intelligatur,
677 929 750 1024 ipse
782 927 909 1000 Cicero
942 927 1010 1000 alio
1040 926 1119 999 loco
1136 927 1169 1025 4)
1203 953 1321 1000 reram
1353 931 1621 1021 obscuritatem,
1661 955 1733 999 reon
1758 932 1944 1001 verboram

237 1060 358 1159 [acere
383 1059 445 1129 ait.
508 1054 581 1128 Sed
615 1057 814 1153 priusquam
849 1055 916 1128 boc
947 1055 991 1128 de
1019 1068 1222 1154 argumento
1252 1054 1410 1154 pluribus
1438 1059 1558 1154 quaeri
1584 1066 1718 1156 potest,
1753 1055 1840 1127 illud
1865 1068 1944 1127 ante

240 1188 356 1260 omnia
380 1193 542 1269 constare
565 1181 726 1274 debebit,
759 1182 854 1281 quod
880 1185 1096 1279 potissimum
1123 1183 1304 1255 consilium
1331 1183 1455 1258 Cicero
1474 1187 1510 1257 in
1533 1188 1627 1258 orani
1653 1182 1719 1255 bac
1741 1184 1943 1280 interpreta-

240 1315 333 1387 tione
362 1323 503 1385 secutus
532 1313 597 1402 sit,
637 1336 777 1410 quoquc
801 1320 956 1405 tempore
982 1313 1141 1411 vitaeque
1167 1310 1370 1385 condicione
1397 1316 1604 1387 constitutus
1629 1337 1704 1385 eam
1729 1311 1941 1408 susceperit,

239 1439 522 1539 quodquoniam
548 1464 612 1511 nec
638 1440 816 1512 vetustatis
843 1439 1039 1512 testimonio
1064 1439 1181 1538 aliquo
1207 1441 1300 1513 clare
1322 1439 1482 1534 truditur,
1508 1465 1573 1513 nec
1595 1442 1822 1514 recentiorum
1848 1440 1944 1535 quis·

238 1594 366 1667 quam,
401 1578 568 1666 quantum
600 1567 761 1665 equidem
791 1567 883 1655 scio,
926 1563 1005 1637 data
1035 1592 1139 1663 opera
1172 1579 1375 1665 persecatus
1404 1581 1477 1662 est,
1508 1568 1583 1668 jam
1616 1594 1679 1666 per
1706 1593 1743 1639 se
1777 1562 1945 1663 philologi

241 1696 475 1793 disputatione
491 1721 569 1770 ‚non
592 1692 788 1792 indignum·
805 1693 974 1767 videatur.
1029 1694 1205 1786 Quocirca
1231 1696 1476 1771 faustissimam
1502 1696 1705 1770 scribendae
1733 1705 1943 1767 commenta-

239 1825 341 1927 tionis
366 1824 655 1920 opportunitatem
683 1833 829 1912 nactus,
869 1847 938 1920 qua
969 1822 1217 1919 professionem
1244 1825 1459 1923 eloquentiae
1485 1824 1528 1898 ab
1554 1823 1819 1924 Augustissimo
1842 1821 1943 1893 Han-

239 1976 386 2024 noverae
420 1952 520 2046 Rege
553 1948 637 2020 mibi
664 1952 701 2021 in
734 1950 852 2021 inclita
882 1948 949 2021 bac
980 1947 1173 2024 Academia
1206 1951 1446 2026 demandatam
1478 1956 1543 2025 rite
1576 1953 1755 2049 auspicer,
1797 1952 1843 2020 ita
1876 1947 1945 2023 boc

240 2081 415 2178 negotium
438 2077 615 2149 instituere
640 2076 799 2169 decrevi,
831 2090 870 2150 ut
895 2080 1043 2175 primum
1071 2078 1113 2151 de
1138 2080 1284 2152 consilio
1309 2082 1489 2179 scriptoris
1514 2079 1640 2152 iubae
1665 2076 1945 2174 interpretatione

240 2205 398 2279 iacienda
431 2203 707 2303 qualemcunque
740 2230 850 2277 meam
883 2209 1087 2278 sententiam
1117 2206 1330 2302 proferrem,
1371 2207 1495 2281 deinde
1520 2232 1603 2281 vero
1630 2205 1675 2279 ad
1700 2231 1740 2278 ca
1770 2218 1944 2303 transgre-

242 2334 362 2426 derer,
390 2335 427 2403 in
453 2329 579 2430 quibus
604 2333 679 2428 ipse
704 2331 829 2406 Cicero
858 2333 1018 2405 Platonis
1037 2337 1247 2407 sententiam
1274 2361 1346 2410 non
1367 2362 1513 2434 prorsus
1542 2345 1722 2408 assecutus
1748 2358 1822 2405 esse
1849 2330 1944 2403 vidc-

241 2475 357 2566 retur,
391 2472 494 2557 atquc
519 2461 570 2531 sic
592 2459 729 2531 domurn
756 2462 810 2532 via
836 2463 968 2533 munita
992 2459 1141 2540 breviter
1167 2461 1209 2535 de
1234 2465 1277 2535 iis
1303 2463 1390 2537 locis
1416 2464 1639 2554 dissererem,
1674 2463 1710 2532 in
1736 2459 1865 2558 quibus
1889 2457 1944 2530 rel

240 2602 320 2688 post
352 2587 524 2662 Orellium
553 2598 589 2659 ct
620 2587 888 2662 Stallbaumium
921 2600 979 2661 aut
1005 2588 1185 2663 Ciceronis
1212 2616 1256 2665 ex
1279 2591 1429 2668 Platone
1457 2601 1516 2663 aut
1540 2588 1644 2688 hujus
1670 2614 1713 2662 ex
1744 2588 1806 2661 illa
1835 2586 1946 2660 oratio

241 2715 416 2790 emendari
444 2716 565 2812 possit.

354 2845 536 2940 Principio
564 2843 703 2943 quidem
730 2844 816 2918 illud
843 2860 877 2920 et
901 2848 1014 2947 primo
1039 2859 1182 2947 aspectu
1208 2857 1301 2945 patet
1325 2846 1457 2947 etjam
1482 2873 1503 2920 a
1529 2844 1686 2921 Corrado
1710 2855 1803 2919 recte
1827 2842 1946 2917 obser·

241 2984 358 3045 vatum
393 2984 445 3045 cst
464 2971 516 3071 5),
567 2986 721 3046 extremo
761 2974 898 3049 demum
932 2981 1023 3051 vitae
1057 2989 1211 3072 tempore
1246 2972 1339 3047 banc
1376 2976 1690 3073 interpretationem
1723 2999 1744 3045 a
1777 2973 1947 3046 Cicerone

241 3100 416 3174 conscribi
443 3103 609 3199 potuisse.
663 3101 707 3172 ln
732 3104 810 3200 ipso
838 3107 929 3177 enim
954 3104 1179 3204 praelationis
1205 3128 1296 3201 quae
1320 3112 1431 3175 exstat
1455 3101 1618 3176 exordior
1654 3101 1790 3193 malta,
1817 3101 1944 3200 iuquit,

240 3240 322 3301 suat
350 3255 372 3300 a
396 3212 499 3300 nobis
526 3240 560 3301 et
587 3231 625 3300 ia
652 3229 880 3304 Academicis
913 3234 1112 3330 conscripta
1143 3242 1268 3304 coatra
1294 3231 1459 3329 physicos
1494 3241 1528 3302 et
1555 3255 1660 3328 saepe
1689 3256 1768 3303 cram
1796 3228 1843 3300 Ρ.
1875 3226 1946 3299 lvi-

241 3355 340 3456 qidio
378 3355 587 3430 Carneadeo
626 3384 723 3432 more
755 3385 798 3432 ac
826 3362 932 3433 modo
966 3362 1168 3458 disputata,-
1212 3358 1307 3457 quod
1338 3360 1369 3431 si
1395 3369 1530 3431 constat
1564 3357 1769 3432 Ciceronem
1806 3352 1946 3428 Acade·

129 3588 132 3593 ⁸
242 3485 351 3556 micas
378 3484 596 3582 quaestiones
622 3487 680 3556 vix
706 3489 853 3560 triennio
877 3501 957 3561 ante
983 3497 1126 3560 mortem
1151 3512 1184 3559 a.
1208 3514 1245 3558 a.
1274 3482 1356 3558 709
1378 3486 1490 3560 literis
1516 3484 1697 3558 mandasse
1715 3485 1765 3584 ⁶),
1793 3494 1945 3580 tempus,

243 3637 314 3711 quo
341 3613 523 3687 Timaeum
554 3624 636 3710 post
663 3611 877 3688 Academica
910 3617 1126 3713 interpretari
1152 3618 1285 3713 potuit,
1320 3615 1403 3688 satis
1429 3614 1587 3712 angustis
1618 3615 1773 3685 terminis
1797 3611 1947 3683 circum·

244 3738 429 3835 scribitur,
461 3739 650 3838 eodemque
676 3743 877 3817 conducunt
899 3746 1099 3843 sequentia,
1125 3744 1186 3817 ubi
1208 3771 1316 3844 quum
1344 3744 1392 3816 P.
1420 3740 1600 3842 Nigidium
1622 3743 1735 3843 fluisse
1758 3734 1946 3837 praedicet,

247 3883 284 3892 v·—
287 3883 319 3891 a...

316 3955 344 4020 Ι)
361 3956 402 4008 Dc
421 3959 512 4011 Finib.
534 3961 571 4013 ΙΙ.
592 3961 619 4014 Ι.
640 3960 683 4013 15.
723 3961 793 4013 Care
811 3980 874 4013 vero
894 3963 989 4014 eodem
1005 3962 1108 4013 retem
1127 3977 1187 4013 eum
1209 3961 1298 4012 Petito
1317 3959 1434 4011 alterurn
1456 3958 1596 4010 Ciceronis
1618 3957 1721 4009 dictum
1746 3953 1781 4003 sd
1805 3953 1860 4002 art.
1881 3951 1945 4001 vu.

248 4050 292 4116 13,
311 4053 358 4105 ubi
377 4059 499 4124 aenigma
519 4061 653 4129 quoddam
671 4078 780 4112 saner·
800 4061 927 4112 Platonis
945 4059 1084 4111 obserarint
1102 4059 1237 4127 appellnt3
1260 4057 1311 4110 boe
1330 4058 1401 4110 cuim
1419 4063 1494 4108 recte
1513 4057 1607 4108 docuit
1628 4051 1780 4105 Boeclrbius
1798 4051 1827 4101 iu
1846 4048 1948 4101 Danubii

245 4156 273 4202 ct
290 4151 417 4203 Crcureri
437 4154 541 4207 Studiis
557 4157 589 4207 Τ.
611 4157 665 4225 ΙΙΙ,
689 4176 718 4227 p.
736 4157 770 4209 ta
797 4176 851 4210 ιοι
876 4176 1003 4210 nnarcrsr
1027 4159 1056 4209 iu
1080 4157 1190 4207 Timaeo
1216 4156 1265 4207 scd
1287 4156 1524 4225 impeditissimum
1550 4154 1628 4205 illu
1652 4153 1743 4203 loeum
1769 4149 1802 4200 de
1825 4145 1946 4216 llepubl.

244 4246 324 4311 Vlll,
344 4269 373 4319 p.
390 4250 441 4303 sto
460 4261 600 4323 spectare,
628 4258 657 4308 ir
676 4275 730 4327 quo
750 4259 918 4329 expediendo
935 4272 1076 4327 quousque
1091 4254 1219 4324 progredi
1235 4255 1333 4305 liceret
1357 4254 1416 4322 ipsc
1440 4258 1566 4324 expertus
1587 4266 1645 4303 sun
1669 4248 1698 4298 iu
1726 4249 1850 4299 l'rooem.
1870 4244 1945 4294 lectt.

247 4345 385 4417 limburg.
403 4357 470 4413 sest.
493 4351 571 4406 183⁹.

321 4447 349 4511 5)
368 4448 475 4502 Sebast.
498 4451 611 4503 camai
630 4453 802 4517 Quaestum,
822 4454 898 4524 Lips.
920 4453 999 4506 ¹754.
1020 4453 1048 4515 8,
1067 4471 1095 4523 p.
1109 4450 1172 4502 tos.

319 4546 347 4612 ll)
366 4547 410 4599 Cf.
429 4551 465 4601 ud
481 4554 537 4603 Att.
555 4550 632 4602 ΧΙΙΙ.
656 4550 687 4603 12
705 4570 767 4622 sqq.
804 4552 947 4604 Sebritrius
965 4553 1039 4621 quud
1056 4553 1086 4602 in
1106 4549 1231 4616 Prolcgg.
1251 4547 1285 4597 Τ.
1304 4546 1384 4606 ΧΙΙΙ,
1407 4563 1436 4614 p.
1456 4544 1472 4594 Ι
1495 4562 1522 4593 ι.
1545 4562 1572 4594 ιι.
1594 4541 1647 4593 708
1669 4540 1784 4611 posuit,
1807 4553 1856 4606 per
1874 4553 1946 4589 crro·

247 4658 303 4693 rem
321 4643 421 4698 iactum
440 4666 498 4700 csse
517 4651 638 4713 videtum
658 4669 748 4702 rerum
767 4668 906 4703 numerum
925 4651 984 4720 ipsc
1002 4651 1093 4722 posuit
1110 4649 1139 4699 iu
1158 4649 1213 4698 ritu
1232 4646 1372 4698 Ciceronis
1390 4644 1424 4696 Τ.
1442 4642 1502 4704 XX,
1520 4662 1549 4713 p.
1565 4641 1629 4693 382.
