4358 5482
1059 209 1100 295 4

220 427 359 502 demum
388 426 549 500 Plutonis
581 450 708 498 nomen
738 427 909 498 intrusum
940 448 1019 496 esse
1052 436 1196 523 apparet
1216 425 1290 524 1³);
1328 427 1424 525 quod
1455 442 1568 502 autem
1602 428 1727 506 Cicero
1760 437 1796 504 in
1831 433 1921 506 libro

221 557 376 655 proxime
413 566 493 652 post
529 551 743 626 Academica
777 553 907 650 scripto
930 551 983 652 14)
1016 550 1126 624 ullum
1160 578 1181 624 s
1216 578 1254 626 se
1287 552 1333 626 ad
1368 555 1404 629 id
1440 582 1551 655 nsque
1588 571 1725 657 tempus
1761 559 1921 633 Platonis

219 681 347 756 librum
370 707 576 756 conversum
603 706 729 780 negare
755 679 914 772 uidetur,
951 678 996 754 de
1025 705 1067 753 eo
1092 693 1227 754 tantum
1252 685 1542 781 interpretationis
1568 711 1694 784 genere
1723 688 1814 786 ugit,
1851 712 1922 785 quo

218 810 357 883 Ennius
388 822 423 884 et
448 810 625 882 Pacuvius
658 819 717 880 aut
743 808 928 880 Terentius
960 819 994 880 et
1019 806 1192 881 Caecilius
1219 808 1355 882 Graeca
1380 812 1588 910 exemplaria
1614 809 1659 884 sd
1683 814 1922 885 Romanorum

218 937 428 1012 intellectum
456 934 723 1029 transtulerant3
764 935 858 1032 quod
885 938 968 1008 satis
993 935 1139 1009 liherum
1167 935 1274 1009 luisse
1296 937 1386 1011 inter
1410 964 1530 1011 omnes
1552 951 1709 1033 constut3
1748 942 1921 1040 Protsgo·

217 1092 276 1140 rse
300 1091 384 1139 vero
409 1064 464 1137 rel
495 1088 585 1161 qnae
604 1074 791 1161 supersunt
811 1062 977 1161 reliquiae
1002 1063 1239 1139 fidelissimam
1264 1067 1578 1163 interpretationem
1606 1067 1713 1140 fuisse
1737 1078 1919 1160 testantur,

216 1197 274 1269 cui
308 1197 338 1267 si
369 1191 628 1285 Quinctilianus
660 1202 721 1263 aut
755 1191 938 1263 Timaeum
970 1189 1189 1290 adjunxisset
1220 1204 1281 1265 aut
1312 1194 1423 1290 ipsam
1458 1193 1496 1264 in
1530 1191 1620 1265 idenr
1654 1219 1735 1267 curn
1774 1196 1921 1271 Timaeo

217 1337 352 1422 ternpus
377 1322 571 1421 rejecisset,
605 1320 707 1392 niuris
740 1317 857 1392 hercle
890 1331 1111 1418 praepostere
1143 1322 1269 1393 summi
1293 1323 1440 1395 oratoris
1463 1323 1723 1395 exercitationes
1748 1320 1920 1395 collocas·

215 1464 281 1525 set.
334 1451 458 1549 Neque
490 1474 610 1521 omnes
634 1445 816 1522 Ciceronis
845 1473 934 1546 quae
967 1449 1050 1522 olim
1082 1451 1287 1524 exstiterunt
1318 1451 1619 1545 interpretationes
1641 1448 1920 1540 Quinctilianusn

215 1577 274 1652 illo
300 1578 467 1651 sententia
494 1573 810 1673 comprehendisse,
841 1577 896 1650 vel
921 1577 1001 1650 inde
1027 1578 1155 1676 prodit,
1183 1577 1278 1677 qnod
1302 1603 1368 1651 nec
1392 1577 1640 1651 Demosthenis
1663 1574 1920 1675 Aeschinisque

214 1708 386 1780 orationes
410 1701 677 1802 Ctesiphontcas
701 1708 1002 1800 commemoravit,
1030 1730 1178 1803 quarum
1202 1706 1474 1804 interpretationi
1502 1708 1576 1804 ipse
1604 1707 1664 1803 qui
1689 1729 1784 1778 nune
1808 1718 1920 1779 exstst

215 1833 396 1909 Ciceronis
428 1828 568 1904 libellus
598 1829 641 1902 de
670 1833 800 1929 optimo
828 1860 954 1934 genere
982 1844 1158 1908 oratorum
1189 1859 1252 1933 pro
1279 1834 1493 1932 praefatione
1519 1832 1604 1926 l'uit3
1644 1857 1713 1931 qun
1743 1835 1779 1905 in
1811 1836 1919 1907 omis·

215 1961 311 2033 sione
339 1971 473 2032 tantum
498 1956 596 2031 shcst
619 1969 659 2030 ut
684 1980 763 2032 cunr
789 1961 1071 2063 Ruhnheni015)
1102 1960 1249 2035 lacunae
1272 1959 1438 2034 indicium
1469 1956 1727 2057 deprehendere
1756 1959 1842 2032 mihi
1868 1963 1918 2034 ui·

215 2087 319 2181 desr,
362 2100 401 2160 ut
426 2111 470 2159 ne
496 2085 595 2159 loeus
625 2087 765 2186 quidem
793 2091 829 2163 in
854 2090 1083 2182 Quinctiliani
1107 2103 1311 2191 argumento
1340 2087 1395 2160 his
1420 2085 1635 2159 orationibus
1662 2087 1790 2178 luerit,
1829 2113 1919 2186 quas

215 2214 320 2288 eloris
346 2212 462 2287 uerhis
487 2213 613 2287 Cicero
638 2241 707 2288 non
733 2217 788 2288 sni
812 2218 996 2291 exercendi
1022 2243 1126 2291 cansa
1154 2216 1217 2292 scd
1240 2216 1473 2291 studiosorum
1495 2216 1533 2287 in
1558 2217 1704 2314 gratim
1731 2240 1918 2290 conversas

214 2366 291 2414 esse
315 2341 385 2431 ait,
424 2352 462 2413 ut
487 2365 604 2414 verum
630 2339 770 2416 Atticae
801 2345 1016 2443 eloquentiae
1042 2343 1194 2418 indolem
1225 2344 1501 2443 optimorumque
1526 2345 1761 2443 exemplorum
1789 2347 1857 2416 rim
1884 2357 1919 2417 et

214 2470 418 2568 gravitatem
445 2484 696 2568 cognoscerent
716 2474 782 2574 16).
842 2475 919 2547 Nes
945 2487 1058 2563 tamen
1083 2473 1140 2546 rel
1161 2472 1244 2547 huis
1269 2473 1449 2547 Ciceronis
1475 2475 1633 2547 instituto
1662 2474 1845 2546 Timaeum
1870 2475 1917 2544 itu

215 2597 407 2695 comparari
433 2597 557 2690 aelim,
594 2612 633 2671 ut
663 2598 759 2672 verhi
786 2625 891 2673 causa
916 2600 1045 2676 facturn
1071 2611 1127 2674 est
1152 2625 1173 2672 a
1199 2599 1353 2700 Georgia
1378 2600 1481 2675 Valla
1514 2603 1552 2673 in
1584 2601 1728 2699 epistola
1753 2601 1799 2675 ad
1822 2603 1917 2675 ller-

212 2724 363 2799 molaunr
388 2723 584 2797 Barbarum
610 2730 797 2825 praemissa
821 2729 961 2802 editioni
985 2730 1140 2804 Venetus
1163 2755 1197 2801 a.
1222 2726 1604 2819 MCCCCLXXXV,
1633 2727 1694 2800 uhi
1718 2727 1805 2801 haee
1829 2729 1917 2828 lepi-

212 2879 311 2926 mus:
348 2854 565 2955 perindeque
586 2855 703 2928 uideri
722 2858 825 2929 nohis
847 2869 966 2956 posset
996 2854 1122 2931 Cicero
1147 2859 1199 2930 od
1221 2884 1278 2931 res
1303 2856 1433 2930 moritus
1462 2858 1593 2959 offissos
1623 2856 1777 2956 calipius
1806 2868 1841 2929 ct
1868 2857 1918 2929 ud

191 2967 395 3056 'toronae
417 2981 590 3081 mirificus
614 3009 733 3056 susuu
756 2985 888 3057 Latine
914 2986 1119 3058 enodandos
1146 2984 1443 3086 explicandosque
1465 3011 1565 3056 ναανα
1584 2985 1743 3081 experiri
1763 2982 1916 3056 uoluisse

211 3110 446 3211 eloquentium
453 3160 466 3201 ,
504 3134 576 3182 uon
603 3112 717 3182 animis
746 3138 920 3213 quocies
947 3112 1137 3188 Aeschinis
1161 3124 1196 3186 et
1220 3112 1487 3203 Demosthenis,
1521 3138 1609 3214 qnos
1637 3112 1674 3182 iu
1701 3111 1915 3184 seinvicem

210 3238 409 3312 hahuerunt
433 3248 593 3309 oratores
616 3237 676 3309 illi
699 3240 864 3338 uniquus,
894 3240 1108 3338 capitalibus
1130 3241 1373 3337 orationihus3
1399 3244 1549 3341 itemque
1575 3245 1610 3314 in
1635 3238 1790 3339 epilogo:
1820 3239 1913 3310 laurio

209 3393 292 3441 uero
324 3366 440 3438 locsuu
473 3365 606 3438 Latine
629 3367 751 3466 soene
776 3367 949 3463 voluisse,
988 3393 1058 3470 quo
1090 3369 1128 3439 iu
1159 3369 1309 3442 dicendo
1340 3370 1445 3470 fieret
1478 3370 1712 3469 explicatior:
1754 3369 1912 3468 quarsdo·

281 3583 326 3653 li)
344 3584 417 3637 Plst.
437 3581 471 3634 V.
493 3581 583 3633 Cicer.
604 3596 630 3634 e.
651 3580 701 3632 tu=
730 3585 755 3634 is
774 3579 870 3636 weitos
888 3585 1021 3654 Κινεραν,
1039 3587 1073 3643 εἰς
1091 3591 1234 3656 μοναρχίαν
1252 3585 1300 3654 τῆς
1320 3586 1450 3643 πολιτείας
1469 3578 1651 3653 uidissime,
1670 3582 1792 3646 α’φεμενος
1808 3585 1857 3635 τοῦ
1878 3580 1913 3635 ut

208 3680 280 3738 sossii
300 3680 423 3755 πράττειν
439 3678 557 3748 ἐσχόλαζε
574 3693 630 3739 τοῖς
647 3682 810 3747 stotviouirosc
826 3683 973 3744 ssiotoptt'r
990 3688 1042 3735 riis
1056 3686 1119 3736 sius
1136 3720 1143 3733 .
1163 3719 1170 3734 .
1190 3719 1197 3733 .
1216 3679 1289 3751 stirpi
1312 3678 1339 3734 δ’
1351 3683 1425 3752 ἔργον
1439 3685 1485 3743 μεν
1502 3669 1534 3749 ἦν
1550 3679 1582 3732 ssi
1598 3680 1660 3740 rotie
1677 3677 1831 3744 principuus
1848 3701 1910 3732 σνν-

208 3785 288 3836 ssists
306 3760 444 3849 dmiiyous
462 3784 505 3833 sei
522 3776 707 3848 μεταφράζειν,
732 3776 780 3830 uhi
804 3786 912 3850 prsetes
936 3794 1040 3832 cernens
1066 3781 1197 3833 lihroeens
1222 3781 1410 3832 ssetorltstenr
1429 3778 1567 3830 llessdiss
1592 3796 1655 3832 cass
1681 3781 1782 3831 Solsso
1807 3778 1912 3848 adjecit

208 3879 266 3936 tirsi
283 3884 331 3933 τοῦ
348 3879 503 3944 Πλάτωνας
530 3895 598 3949 quos
617 3879 687 3930 erim
709 3879 817 3931 codices
836 3885 968 3940 testatur,
993 3879 1062 3930 nihil
1080 3886 1145 3930 suut
1168 3880 1221 3929 nisi
1246 3878 1397 3946 lanugines
1415 3875 1543 3928 Vuleohii
1565 3884 1592 3929 et
1610 3894 1679 3946 quse
1698 3876 1833 3943 Anonymi
1860 3893 1909 3945 sp-

207 3981 306 4050 pellsri
323 3981 405 4041 solet,
423 3995 536 4048 quarum
554 3976 635 4028 hele·
654 3976 798 4027 senatun
816 3977 926 4027 dubim
944 3979 1085 4046 multoque
1103 3978 1211 4047 saepius
1230 3977 1347 4028 rherum
1365 3977 1508 4029 ἀναίνεαι
1524 3975 1692 4044 conjecturis
1706 3992 1786 4043 quam
1803 3983 1908 4027 vetusta

207 4078 325 4132 lectione
343 4078 439 4128 tulta·
458 4076 563 4127 erudite
583 4074 747 4126 existimarit
764 4075 885 4126 Sinteals
904 4076 937 4126 sd
957 4075 991 4127 V.
1010 4074 1143 4127 Themist.
1162 4092 1190 4144 p.
1207 4091 1286 4126 xxrrr
1304 4081 1332 4126 ct
1350 4074 1385 4126 sd
1403 4073 1436 4125 V.
1458 4075 1572 4127 Periclis
1590 4091 1619 4143 p.
1634 4070 1687 4124 tot
1706 4089 1767 4142 sqq.

279 4173 324 4240 ll)
342 4175 382 4226 lle
403 4172 495 4224 Finils.
516 4173 538 4223 l.
559 4170 592 4222 dr
618 4189 700 4243 quisse
717 4172 751 4224 si
768 4190 822 4223 ress
840 4174 866 4223 si
880 4171 966 4242 pls'ise
983 4175 1024 4225 sis
1039 4182 1166 4224 sermore
1184 4173 1326 4225 Plntssrsss
1343 4178 1394 4223 sset
1412 4171 1600 4230 Aristotelen,
1620 4179 1652 4221 ast
1669 4180 1805 4223 uertsrsnst
1822 4170 1910 4222 uestri

204 4280 302 4346 poetae
317 4272 445 4344 subules,
468 4269 555 4328 susle,
580 4267 675 4328 aeds,
698 4287 811 4321 ανονννεν
827 4269 862 4321 sle
877 4271 942 4321 meis
960 4271 1081 4331 ciuibus,
1107 4273 1134 4322 si
1149 4270 1187 4322 sd
1203 4288 1294 4322 mss
1312 4272 1492 4342 uguitisssss
1509 4268 1603 4321 diuisis
1622 4268 1674 4319 ills
1692 4271 1802 4340 iuuenis
1822 4276 1906 4318 trsus·

206 4372 319 4442 feners!
354 4369 411 4422 Sed
427 4369 458 4421 id
474 4386 561 4440 sesque
576 4367 632 4437 sesi
648 4366 755 4428 attus,
775 4386 823 4421 nee
840 4368 909 4421 ssihs’
925 4376 1014 4421 tsasess
1030 4386 1064 4420 sse
1080 4368 1183 4438 sucinis
1202 4368 1373 4422 interdicturus
1389 4377 1457 4439 puts
1477 4373 1528 4419 eto.

279 4469 324 4536 lh)
344 4471 384 4521 st
403 4466 490 4521 llutii.
510 4465 580 4536 hup.
600 4484 629 4535 p.
648 4484 721 4517 srrrs.

279 4567 323 4635 lh)
342 4567 409 4638 ops.
429 4585 491 4637 pes.
511 4570 580 4616 oret.
601 4580 626 4617 c.
648 4564 679 4614 ξε
708 4564 757 4615 red
774 4581 856 4635 quum
874 4567 904 4617 iss
923 4577 1281 4636 coaequaevorum,
1310 4565 1393 4632 qsssls
1412 4573 1478 4615 esset
1499 4564 1529 4617 id
1553 4565 1663 4619 dicendi
1683 4580 1784 4636 penus,
1808 4567 1909 4635 pstssi

205 4664 274 4716 »sihi
288 4664 486 4737 suscipiendum
506 4663 624 4715 tatum
651 4662 742 4714 stiless
762 4662 909 4724 studiosis,
929 4663 998 4714 milss'
1013 4665 1121 4731 quidese
1138 4669 1195 4737 ipsi
1210 4685 1265 4718 uass
1284 4663 1459 4719 ussesssrs‘tsss
1476 4669 1530 4717 ete.
