4358 5482
235 449 359 499 vereor
384 450 429 498 se
450 424 505 498 rel
529 423 735 496 seutentiam
760 443 959 519 perversam
984 418 1126 510 reddat,
1159 422 1191 493 si
1216 417 1356 518 quidem
1379 422 1545 523 mesori
1568 421 1696 495 dictum
1721 413 1861 521 sliquod
1887 448 1942 496 se·

235 551 423 652 questibus
442 553 599 650 opponit,
625 548 871 654 προειρημένα
894 573 977 623 vero
1003 549 1039 621 in
1062 550 1281 647 praeteritum
1301 559 1436 648 tempus
1455 549 1673 648 rejiciuntur,
1696 570 1765 622 nec
1786 572 1824 649 p.
1835 545 1942 624 ’520

234 677 392 762 naiores
416 705 480 778 pro
504 677 651 760 nassis
674 679 785 776 magis
809 678 880 778 legi
906 678 1032 777 poterit
1057 699 1161 776 quam
1181 675 1286 750 modo
1310 673 1395 782 napi
1419 675 1550 757 tustra
1575 702 1620 750 ex
1640 675 1942 750 Cicerone-corde

234 805 562 907 gendomridimus
579 809 664 906 112).
724 807 791 879 Est
820 817 935 878 tomen
964 806 1067 878 etiam
1090 802 1153 877 ulti
1175 829 1295 879 aerum
1320 803 1381 878 ille
1402 805 1550 879 sensisse
1575 801 1733 876 vidntur
1756 822 1823 876 nec
1847 805 1944 878 cust

234 945 368 1006 tantum
396 933 452 1005 vel
485 933 643 1008 licentiae
668 932 816 1006 sedulii
845 931 1002 1029 adeoque
1030 929 1164 1005 meliori
1194 929 1335 1004 lectioni
1363 930 1544 1006 Ciceronis
1561 926 1807 1027 discrepantia
1829 929 1943 1004 trttmt

234 1063 357 1160 possit.
413 1059 476 1134 Sic
498 1086 535 1159 p.
557 1060 612 1133 28
638 1061 724 1133 scite
750 1057 918 1132 intellexit
942 1052 1004 1138 uisi
1025 1067 1109 1157 post
1131 1057 1297 1147 βλέπων
1316 1058 1429 1132 alieno
1447 1054 1697 1157 locoposltom
1716 1056 1807 1151 esse,
1833 1081 1946 1156 quum

234 1213 305 1261 non
328 1211 371 1262 eu
388 1187 548 1263 Platonis
570 1213 668 1263 mene
691 1188 751 1280 sit,
777 1198 819 1259 ιιι
838 1188 870 1258 is
887 1187 949 1284 qui
965 1211 1093 1258 munus
1108 1177 1250 1286 siquod
1269 1187 1407 1261 efficere
1427 1185 1602 1280 moliatur,
1625 1183 1768 1259 eandem
1790 1187 1941 1282 speeiem

234 1342 371 1415 semper
383 1320 572 1406 intueatur,
593 1314 655 1389 sed
672 1327 711 1388 ut
729 1339 805 1388 eam
826 1314 1013 1406 intueatur,
1032 1338 1124 1414 qaae
1141 1340 1279 1413 semper
1295 1316 1417 1389 eaden
1433 1315 1495 1404 sit,
1512 1323 1617 1412 atque
1632 1315 1678 1386 its
1697 1314 1799 1385 etism
1815 1311 1942 1386 Cicero

233 1446 477 1542 interpretatus
500 1454 569 1535 est,
595 1438 689 1540 quod
712 1442 741 1515 si
763 1442 821 1513 eui
842 1442 1066 1539 transpositio
1086 1442 1188 1514 nimis
1207 1445 1387 1514 temeraria
1404 1438 1576 1534 ridentur,
1600 1440 1695 1515 hund
1715 1443 1788 1515 scio
1804 1466 1848 1512 on
1865 1442 1941 1539 ipso

234 1571 402 1669 particula
420 1572 550 1668 optimo
564 1568 647 1669 jore
666 1592 730 1669 pro
749 1568 955 1668 glossemate
972 1569 1183 1659 eliminetur,
1210 1571 1410 1666 praesertim
1427 1594 1536 1667 quum
1559 1591 1626 1642 nec
1643 1568 1847 1642 chalcidius
1863 1592 1941 1641 enm

234 1701 462 1798 expresserit:
501 1699 632 1797 qnippe
655 1698 706 1768 od
732 1697 943 1770 inmortalis
965 1698 1107 1796 quidem
1131 1710 1166 1771 et
1190 1699 1228 1768 in
1254 1708 1349 1771 statu
1373 1697 1764 1796 pennino'persietentie
1788 1686 1944 1794 eremplt

234 1826 504 1899 similitudinem
531 1835 637 1922 atque
661 1821 934 1896 emulationem
954 1825 1117 1923 somnne
1139 1827 1257 1923 operis
1282 1827 1453 1925 effipiam,
1490 1847 1604 1922 neque
1630 1823 1736 1896 adid
1765 1820 1859 1922 quod
1886 1836 1941 1898 est

235 1952 345 2034 κατα*
368 1946 501 2032 ταύτά
520 1951 612 2047 ἔχον
634 1953 865 2023 necessariam
886 1973 966 2025 esse
987 1950 1135 2027 doceant
1153 1955 1331 2051 sequentia
1353 1979 1389 2050 p.
1406 1949 1462 2024 29
1480 1947 1539 2024 A=
1570 1946 1659 2055 arpis
1681 1950 1726 2031 τό
1745 1949 1854 2056 λόγῳ
1873 1949 1942 2032 usti

237 2081 409 2185 φρονήσει
441 2074 681 2182 περιληπτδν
711 2072 779 2157 nai
803 2077 912 2160 sarci
936 2076 1069 2161 sudrei
1094 2080 1185 2176 ἔχον
1214 2071 1538 2183 δεδημιούργηται,
1577 2076 1638 2153 ubi
1668 2077 1792 2152 itidem
1813 2078 1939 2154 Cicero

239 2232 377 2304 semper
404 2207 623 2303 interposuit.
677 2206 972 2282 luconsiderrtius
998 2234 1035 2308 p.
1057 2205 1113 2280 29
1135 2204 1170 2280 B
1192 2209 1412 2307 interpretem
1438 2220 1578 2282 meotes
1602 2205 1804 2306 Stephanus
1825 2199 1940 2288 dilato

238 2330 365 2413 einim
387 2330 485 2414 srvis
508 2325 624 2413 riiliou
645 2331 714 2435 legi
728 2330 848 2430 jussit,
877 2333 939 2406 ubi
964 2360 1030 2409 nec
1050 2335 1177 2410 Cicero
1199 2335 1401 2410 Platonicae
1426 2338 1589 2411 orationis
1611 2329 1810 2427 decursum,
1834 2344 1938 2434 'qoem

235 2461 489 2536 Stallbaumius
516 2472 618 2533 acute
645 2463 841 2551 enarravit,
881 2465 1020 2559 penitus
1048 2475 1226 2535 essecutus
1257 2475 1310 2536 est
1318 2491 1330 2558 3
1370 2486 1569 2562 quanquam
1605 2463 1700 2561 opud
1730 2463 1825 2536 hunc
1859 2488 1937 2537 serr·

235 2592 363 2663 tentiae
391 2602 492 2662 tenor
521 2613 592 2662 non
624 2587 806 2679 turbatur,
841 2580 922 2687 quis
950 2592 998 2662 ita
1024 2591 1212 2663 orationem
1242 2616 1340 2663 susm
1368 2589 1595 2681 deformavit,
1634 2602 1674 2662 nt
1701 2590 1937 2664 antecedentia

234 2716 459 2791 concluderet
491 2728 526 2790 et
559 2718 660 2814 quaesi
691 2715 1020 2814 comprehenderet:
1065 2742 1111 2790 ex
1141 2741 1210 2816 qno
1235 2718 1387 2816 efficitur
1413 2729 1453 2791 ιιι
1477 2720 1525 2790 rit
1550 2738 1690 2789 neeeme
1718 2717 1811 2790 demo
1836 2711 1938 2817 piretu

236 2846 411 2918 cernimus
436 2846 603 2916 anundum
622 2842 851 2916 sirnnlnernnr
873 2855 1054 2916 ueternum
1077 2869 1151 2917 esse
1172 2846 1325 2944 nlimp'ns
1348 2845 1506 2939 ueneni,
1538 2842 1629 2943 apud
1650 2839 1832 2918 Platonem
1855 2868 1937 2918 vero

237 2997 300 3070 per
325 2970 529 3069 particulam
552 2956 604 3051 αὖ
630 2969 829 3044 declaratur
853 2973 1020 3045 meritus
1042 2971 1087 3044 sd
1108 2972 1214 3044 alium
1237 2975 1483 3046 sententiarum
1507 2972 1677 3062 ordinem,
1710 2974 1821 3069 quisi
1844 2968 1934 3049 idem

235 3111 371 3171 tantum
399 3123 480 3171 cnm
509 3097 794 3172 antecedentibus
820 3101 1061 3198 argumentum
1084 3123 1167 3199 prse
1192 3127 1231 3174 se
1260 3100 1386 3194 terret,
1416 3111 1553 3199 praeter
1576 3099 1834 3199 frigidissimam
1861 3097 1936 3174 tao·

239 3227 402 3326 tolegium
425 3254 470 3301 ne
494 3227 581 3301 illud
606 3226 746 3325 quidem
771 3223 865 3324 quod
890 3236 996 3323 ceput
1023 3228 1075 3299 rei
1101 3241 1155 3303 est
1177 3231 1383 3320 sentiretur,
1414 3255 1488 3303 non
1508 3229 1657 3328 amplios
1674 3227 1724 3309 ,sle
1748 3229 1938 3326 exemplari

236 3368 375 3428 aeterno
406 3355 467 3428 sed
498 3355 541 3428 de
572 3353 703 3427 mondo
730 3351 933 3450 aspectabili
958 3364 1073 3425 actum
1099 3356 1165 3445 iri,
1202 3357 1237 3427 in
1263 3381 1335 3454 quo
1356 3355 1393 3428 id
1418 3369 1549 3430 tautum
1576 3366 1738 3452 urgetur,
1771 3355 1865 3452 quod
1890 3354 1935 3426 ad

233 3482 440 3578 exemplaris
457 3479 605 3578 alicujus
626 3479 885 3553 similitudinem
903 3481 1017 3553 luctus
1034 3494 1100 3555 est.
1154 3484 1266 3556 lmmo
1284 3486 1315 3557 si
1335 3484 1420 3583 quid
1435 3487 1472 3556 in
1493 3482 1562 3556 ltoe
1581 3484 1693 3581 eapite
1707 3507 1751 3555 ex
1766 3480 1936 3556 Cicerone

234 3608 434 3681 mutandum
451 3610 509 3699 sit,
529 3610 563 3681 in
581 3612 737 3706 proxime
752 3606 974 3705 sequentibus
989 3625 1068 3707 post
1082 3610 1225 3692 παντός
1239 3614 1391 3711 inseram
1403 3609 1523 3707 λόγου
1536 3606 1592 3684 vel
1606 3588 1828 3711 ζητῆματος,
1844 3612 1935 3683 sicot

231 3741 268 3808 in
293 3737 429 3809 Latinis
452 3749 523 3809 eet:
554 3736 804 3834 difficillimum
830 3747 948 3809 autern
971 3749 1023 3810 eet
1044 3740 1081 3811 in
1103 3742 1200 3811 omni
1225 3741 1532 3840 inquisitione
1555 3740 1707 3812 rationis
1728 3738 1934 3831 exordium,

233 3863 336 3961 longe
362 3874 476 3936 tamon
505 3865 631 3937 certior
659 3888 714 3934 res
743 3874 797 3936 est
820 3889 859 3962 p.
876 3862 932 3937 55
948 3861 1001 3957 Α,
1028 3865 1089 3939 ubi
1115 3867 1220 3940 verba
1245 3865 1292 3948 ais
1316 3862 1345 3946 ul
1369 3864 1529 3971 ξιννιστᾷ
1554 3865 1607 3947 rei
1630 3861 1792 3961 σώματα
1816 3865 1870 3938 vel
1895 3862 1939 3937 ut
2069 3967 2071 3971 Ι

232 3994 268 4062 iu
296 3988 411 4063 Godd.
444 4003 496 4064 est
526 3987 573 4072 ais
603 3985 778 4090 ξυνιστιὶι
803 3988 1017 4111 (govirwic,
1049 3986 1245 4103 ξυιιστᾶν)
1275 4000 1332 4100 τῷ
1360 3995 1526 4094 σώματι,
1562 3992 1743 4068 mtnlfffilo
1775 4005 1934 4093 corrupit

234 4131 339 4212 sunt,
378 4118 505 4192 Cicero
534 4130 648 4191 autem
679 4121 882 4194 senteutiam
915 4134 1009 4195 certe
1043 4123 1221 4196 verissime
1252 4124 1421 4218 reddidit,
1458 4149 1549 4223 quoe
1580 4121 1666 4196 haec
1693 4134 1832 4208 ¹tanturn
1861 4146 1937 4194 esse

234 4258 369 4344 potest,
406 4257 445 4318 nt
471 4246 701 4343 compositum
726 4270 854 4346 eorpus
880 4249 955 4320 sive
977 4259 1015 4321 ut
1038 4249 1114 4347 ipse
1139 4254 1187 4323 ait
1215 4255 1329 4326 omnir
1355 4251 1610 4352 conpmetrtatio
1639 4253 1798 4348 eorporis
1824 4260 1935 4323 exter·

308 4553 371 4621 lli)
390 4556 452 4626 lpss
471 4552 570 4613 rerba,
595 4553 624 4602 iu
643 4552 743 4619 quibus
760 4551 857 4612 neeric
875 4560 978 4613 exstat,
1003 4552 1100 4606 Cicero
1119 4567 1229 4625 prorsus
1247 4558 1354 4617 omisit,
1377 4571 1428 4607 rec
1447 4555 1470 4606 si
1488 4554 1532 4607 rel
1549 4556 1663 4606 maxime
1681 4551 1784 4610 πάντως
1799 4552 1940 4604 redditio·

235 4660 288 4713 set,
308 4654 336 4704 id
356 4654 421 4705 ferri
440 4659 544 4724 posset,
561 4650 624 4721 quis
644 4649 694 4701 lsoc
713 4652 882 4720 potissimum
901 4651 979 4702 l'lsto
997 4659 1085 4720 urget,
1105 4661 1187 4705 tetam
1206 4653 1400 4706 clementorum
1418 4654 1556 4707 materiem
1574 4653 1674 4704 mundo
1694 4651 1896 4720 comprehendi.
