4358 5482
232 410 355 495 eontra
377 395 538 471 Platonis
558 396 761 471 sententiam
783 391 910 470 Cicero
927 393 1114 492 expressit,
1140 390 1297 492 adeoque
1317 417 1388 469 nno
1406 391 1486 468 loco
1506 391 1740 492 insignissimo
1759 394 1930 486 omnium,

232 525 277 603 de
309 550 380 625 quo
403 523 478 623 jam
511 524 702 622 antiquitus
718 551 720 556 ¹
734 546 860 620 magna
892 523 1128 595 controversia
1158 521 1230 599 tuit
1247 520 1345 622 101),
1385 519 1584 620 philosophi
1615 530 1764 595 mmm·
1797 520 1935 596 felicius

231 653 402 731 intellexit
424 677 530 749 qoam
555 647 785 742 Aristoteles,
813 651 875 746 qui
903 649 1040 722 Timaei
1067 645 1174 721 verba
1198 675 1235 748 p.
1259 647 1392 732 40132
1427 654 1503 746 γῆν
1527 640 1568 729 di
1584 644 1729 752 ,τροφόν
1749 645 1821 749 μὲν
1843 642 1936 746 titas·

231 781 368 886 cipes,
401 776 629 876 amptum
656 767 697 857 di
726 771 812 879 napi
839 774 1170 860 sinemurensis
1198 773 1338 866 πόλοι,
1366 779 1416 852 ita
1446 777 1690 875 interpretum
1720 787 1798 870 est,
1835 774 1936 876 qnasi

232 911 340 985 Plato
363 921 474 983 terrac
498 916 632 979 motans
655 903 712 979 vel
744 905 947 979 rotationem
978 905 1072 979 circa
1104 904 1205 1004 polos
1234 905 1357 980 mnndi
1387 902 1566 979 tribuisset
1584 902 1681 1004 ¹⁰²),
1721 904 1851 977 rectius
1874 900 1937 979 Gi·

233 1062 314 1118 cero
339 1060 373 1110 c.
397 1031 469 1108 10:
508 1042 640 1106 umam
664 1031 826 1106 ultricem
850 1043 1029 1124 nocuum,
1066 1057 1158 1132 quoe
1182 1035 1331 1132 trajectu
1355 1056 1425 1106 nae
1448 1033 1661 1124 musaeu,
1698 1029 1795 1129 quod
1818 1029 1876 1104 vel
1899 1030 1938 1104 in

233 1188 368 1241 summa
390 1159 488 1234 verbi
514 1157 642 1235 Graeci
669 1159 896 1260 ambiguitate
921 1160 996 1256 ipsa
1023 1161 1074 1233 rei
1097 1162 1230 1235 ratione
1253 1163 1355 1235 unice
1376 1159 1576 1234 confirmari
1600 1156 1770 1234 Boeolaiii
1790 1181 1938 1233 acumen

233 1291 352 1367 docuit
373 1288 462 1386 ¹⁰³).
514 1287 647 1362 Verum
670 1313 822 1362 errorem
845 1285 906 1359 sed
930 1284 1478 1385 excusabilem'depreitendimus
1501 1309 1535 1360 c.
1559 1283 1603 1378 d,
1630 1283 1691 1359 nbi
1716 1283 1938 1364 menifestum

232 1430 286 1493 est
310 1415 516 1493 Ciceronem
540 1417 778 1490 accusativum
803 1413 916 1488 dualis
941 1411 1072 1495 ἐκείνω
1096 1438 1161 1511 pro
1184 1413 1300 1488 dativo
1326 1413 1512 1513 singularis
1536 1415 1737 1512 accepisse,
1768 1415 1938 1511 interpre·
2021 1431 2031 1447 ·

233 1557 327 1623 tatur
350 1546 463 1618 enim:
501 1568 623 1641 nunus
653 1542 746 1615 enim
771 1541 866 1612 atim
894 1541 1056 1614 animares
1086 1542 1149 1640 qui
1175 1565 1269 1613 eum
1296 1541 1476 1616 eontiraect
1497 1542 1545 1614 eit
1567 1566 1707 1626 neceam
1733 1550 1808 1632 eet,
1843 1536 1939 1638 qnod

233 1697 276 1778 eo
300 1671 438 1745 {acilius
459 1669 534 1743 ficri
559 1680 729 1768 potuerat,
758 1693 829 1765 qno
849 1667 1013 1766 majorem
1038 1670 1113 1766 ipsa
1139 1667 1214 1768 ejus
1238 1681 1348 1751 aetate
1374 1671 1640 1746 inconstantiam
1664 1671 1701 1741 in
1726 1670 1798 1743 iota
1821 1665 1940 1742 dativo

235 1800 292 1876 vel
319 1797 527 1873 ascribendo
559 1796 617 1869 vel
647 1794 835 1870 omittendo
869 1797 976 1870 inisse
1008 1807 1146 1871 constat
1164 1797 1261 1899 ¹⁰4),
1300 1824 1440 1872 sensnm
1476 1808 1590 1871 tamen
1622 1795 1760 1872 dualem
1784 1795 1941 1895 flagitare

235 1953 301 2002 nec
326 1930 443 2025 ipsum
468 1922 618 2001 debitori
644 1934 780 2021 potest,
816 1926 898 2020 quia
931 1922 998 1998 hac
1027 1927 1325 2023 argumentatione
1347 1925 1454 2000 Plato
1481 1928 1610 2015 utitur,
1647 1936 1693 1998 ut·
1715 1924 1784 1997 nisi
1817 1926 1942 1999 unicos

235 2053 388 2130 mundns
412 2048 639 2150 intelligibilis
664 2052 733 2143 sit,
770 2048 908 2125 dnobus
933 2054 1058 2126 iterum
1084 2056 1297 2151 superiorem
1319 2053 1469 2150 aliquem
1491 2049 1657 2125 aocmere
1681 2049 1807 2124 &here
1831 2050 1940 2143 dimt,

237 2183 300 2282 qui
325 2191 511 2275 nmomque
536 2176 806 2276 comprehendat
829 2204 940 2276 eoque
961 2179 1053 2254 sacto
1070 2182 1151 2277 ipse
1172 2183 1288 2254 verius
1309 2205 1374 2278 pro
1398 2179 1586 2278 exemplari
1612 2178 1793 2255 habeatnr.
1847 2175 1942 2252 G.ii

237 2286 377 2408 tpnoqne
402 2306 448 2378 de
474 2308 729 2379 camiroctione
753 2304 798 2379 iis
821 2307 951 2389 moveri
976 2307 1104 2402 possit,
1135 2308 1167 2379 si
1192 2307 1333 2405 quidem
1358 2336 1396 2407 p.
1412 2306 1470 2383 32
1486 2310 1524 2382 It
1544 2302 1633 2391 ὅλοι
1653 2304 1744 2408 ζῶον
1768 2331 1835 2404 pro
1857 2303 1942 2379 sub·

231 2434 330 2535 jecto
355 2436 598 2532 interpretatus
623 2458 699 2509 esse
724 2431 881 2523 videtne,
917 2431 1013 2529 qood
1034 2432 1225 2531 praedicati
1247 2436 1363 2533 potins
1382 2435 1500 2510 locum
1521 2448 1638 2512 tenere
1661 2449 1696 2508 et
1717 2432 1855 2507 articuli
1881 2432 1943 2505 dc·

238 2564 355 2639 fectus
377 2573 411 2634 et
434 2560 589 2660 ejusdem
610 2562 801 2634 sententiaa
830 2561 987 2657 repetitio
1011 2561 1048 2633 in
1073 2560 1299 2660 sequentibus
1323 2562 1446 2639 docet:
1482 2554 1544 2644 im*
1569 2555 1613 2656 dei
1632 2562 1703 2654 raia
1723 2559 1854 2642 αἰτίαν
1877 2555 1947 2641 aceti

239 2691 305 2774 τᾶν
334 2688 518 2789 λογισμόν
547 2680 652 2770 riade
675 2685 744 2769 ἕνα
766 2681 854 2769 ὅλοι
880 2681 981 2769 ὅλων
1005 2683 1053 2789 ἐξ
1078 2684 1265 2771 ἁπάντων
1290 2690 1428 2772 τέλεον
1450 2686 1519 2772 καὶ
1541 2686 1694 2794 ἀγήρων
1721 2690 1791 2772 καὶ
1815 2684 1946 2772 ἄνοσοι

238 2813 635 2914 uiuminativam
667 2842 778 2914 neque
802 2813 931 2889 ibidem
955 2828 1055 2890 cante
1078 2820 1169 2916 egit,
1195 2816 1291 2916 qoud
1317 2817 1423 2897 verba
1447 2847 1486 2918 p·
1504 2818 1562 2894 35
1582 2816 1640 2895 Aa
1662 2812 1941 2922 περιιστάμενοι

238 2944 389 3049 ἔξωθεν
420 2943 487 3027 καὶ
514 2941 799 3048 προςπίπτοντα
828 2937 1006 3045 ἀκαίρως,
1037 2946 1075 3015 io
1107 2943 1234 3042 quibus
1264 2949 1377 3019 omnis
1401 2949 1708 3045 argumentationis
1736 2946 1940 3019 Platonicae

239 3076 346 3150 cardo
371 3087 549 3164 versatur,
583 3075 619 3144 in
641 3071 777 3143 Latinis
800 3074 959 3169 protinus
983 3074 1119 3167 omisit,
1145 3070 1207 3144 sed
1229 3071 1354 3146 talibus
1379 3074 1527 3173 amplios
1552 3076 1728 3148 immorari
1748 3098 1843 3146 nnnc
1868 3098 1940 3147 non

237 3204 355 3296 lubet,
391 3226 575 3302 quaeque
603 3199 732 3273 leviora
756 3211 859 3293 sont,
892 3226 933 3273 en
955 3201 1066 3297 magis
1091 3199 1298 3274 confirmant
1325 3201 1421 3301 qnod
1444 3203 1543 3275 initio
1568 3203 1689 3302 posui,
1718 3199 1937 3292 Ciceronem,

239 3333 400 3431 quamvis
437 3355 507 3401 non
539 3327 683 3401 verbnm
709 3324 816 3400 verbo
849 3329 1042 3426 exprimere
1065 3327 1233 3421 voluerit,
1271 3330 1355 3426 ipsis
1383 3341 1496 3403 tamen
1522 3328 1728 3427 exemplaris
1751 3329 1805 3401 sni
1833 3327 1940 3401 vesti·

239 3486 307 3559 gns
327 3459 557 3555 satis‘presse
573 3453 791 3545 inhaesisse,
821 3480 886 3528 nec
913 3457 979 3528 nisi
1000 3454 1051 3526 ibi
1072 3452 1117 3526 ab
1140 3453 1196 3526 his
1218 3454 1439 3548 discessisse,
1466 3456 1527 3528 nbi
1553 3468 1615 3530 aut
1637 3459 1804 3529 sententia
1827 3452 1940 3552 philo·

241 3584 446 3684 saphicum
472 3581 608 3655 falleret
631 3593 691 3655 ant
713 3583 749 3653 in
770 3583 895 3682 exigna
925 3585 1114 3657 mutatione
1139 3581 1226 3656 nihii
1251 3582 1461 3658 discriminis
1486 3585 1598 3657 inesse
1625 3583 1812 3657 videretur.

315 3835 378 3902 101)
399 3836 444 3888 ct.
464 3832 602 3887 Plutarch.
622 3833 735 3897 Quaest.
756 3832 864 3885 Platon.
883 3832 964 3896 vill,
982 3834 1114 3904 pineaque
1131 3836 1206 3904 apud
1223 3834 1368 3889 Ruhnken.
1388 3833 1425 3886 ad
1441 3834 1511 3888 Tin.
1532 3833 1598 3889 Lea.
1616 3832 1773 3904 pos-ta,
1792 3831 1892 3884 idelee.
1911 3833 1942 3884 in

243 3933 328 3986 Wolf.
347 3932 470 3985 Muscam
489 3933 519 3985 d.
536 3929 775 3984 Alterthnnswiu.
795 3930 828 3981 Τ.
850 3931 888 3991 11,
908 3948 936 4000 p.
958 3930 1112 3994 stt-422,
1132 3932 1244 3985 Belsinum
1262 3933 1299 3983 ed
1316 3931 1457 3984 Cleoned.
1476 3931 1549 3985 cire.
1569 3934 1658 3986 dcem.
1674 3948 1704 4001 p.
1724 3928 1788 3983 303.

316 4025 508 4098 1001111ιῖ01.
527 4028 663 4082 deCaeio
682 4028 719 4079 tt.
742 4025 787 4080 13.
817 4027 879 4078 ireos
897 4029 927 4080 01
951 4031 996 4079 aui
1018 4031 1132 4099 κιιμὲιηι
1155 4032 1198 4084 tat
1217 4032 1265 4083 τοῦ
1289 4033 1493 4101 singonensis
1510 4026 1593 4099 coieris
1610 4030 1738 4083 sanem
1755 4032 1813 4100 napi
1830 4024 1878 4081 sis
1897 4024 1944 4080 dui

243 4128 340 4186 nursia
358 4134 494 4198 tnuuiror
511 4125 602 4192 πόλοι,
622 4121 702 4197 aiensp
719 4129 745 4179 is
762 4128 801 4195 cpi
820 4127 919 4192 Τιμαίῳ
936 4127 1090 4193 pipponem.
1168 4182 1170 4187 ,
1416 4180 1419 4185 ,

317 4226 381 4294 103)
398 4225 517 4285 Boeelai.
537 4228 572 4278 de
597 4225 668 4279 Plat.
695 4231 762 4294 synt.
789 4223 946 4276 caelestium
969 4223 1130 4291 globorum,
1157 4222 1286 4277 Heidelb.
1307 4222 1436 4287 18101,
1461 4242 1489 4294 p.
1509 4243 1547 4278 ιιι
1565 4239 1645 4294 supp,
1673 4222 1848 4295 posenni.
1866 4221 1944 4275 ontu-

247 4326 338 4377 menni
362 4324 521 4393 Leinognn
545 4324 578 4375 Τ.
593 4323 633 4386 tt,
656 4341 685 4394 p.
702 4321 752 4374 150
768 4339 827 4392 sqq.
848 4327 876 4372 et
894 4320 1072 4373 Letrnnninrn
1091 4322 1120 4372 in
1137 4321 1258 4379 Journal,
1272 4324 1320 4376 dea
1338 4322 1454 4376 &rents
1473 4321 1554 4384 1810,
1572 4340 1602 4392 p.
1618 4321 1669 4376 331
1689 4329 1718 4378 et
1736 4319 1817 4382 1011,
1835 4336 1865 4389 p.
1881 4316 1944 4370 ttt.

276 4482 293 4501 ..
318 4421 381 4491 101)
400 4422 497 4497 Strabo
512 4421 587 4484 XiV,
599 4439 630 4492 p.
643 4419 711 4473 tiss
731 4421 822 4473 melici
836 4415 889 4489 grip
904 4424 986 4489 χωρὶς
1002 4422 1049 4471 τοῦ
1067 4443 1078 4472 u
1094 4416 1223 4487 padoence
1238 4417 1288 4480 caia
1304 4416 1411 4480 dovensis
1428 4424 1474 4475 atti
1490 4417 1644 4486 isddiiocoi
1660 4441 1689 4488 ys
1705 4418 1737 4474 si
1753 4419 1817 4475 idat
1836 4412 1946 4486 φυσικήν

245 4523 334 4596 napae
357 4516 404 4573 οὐκ
426 4521 497 4586 igere
527 4521 564 4573 ci.
591 4518 666 4571 Sext.
686 4517 790 4587 Empir.
809 4516 873 4568 adv.
894 4515 1024 4570 Matiene.
1046 4516 1069 4570 1.
1091 4515 1142 4570 100
1161 4526 1189 4571 et
1209 4517 1259 4570 113
1283 4519 1445 4588 singulaque
1463 4519 1525 4588 ejas
1543 4519 1714 4574 confusionis
1731 4516 1854 4586 exe-pia
1871 4515 1946 4586 epod

247 4615 405 4669 Schneider.
426 4618 460 4668 ed
480 4618 551 4671 etse.
569 4617 603 4668 de
621 4615 739 4666 Civitete
756 4615 790 4668 Τ.
805 4613 832 4677 1,
850 4631 879 4684 p.
899 4633 973 4667 avum
992 4621 1020 4667 et
1037 4614 1175 4670 Weieher.
1194 4617 1300 4688 Syllng.
1316 4617 1409 4689 epigr.
1427 4634 1457 4687 p.
1474 4635 1552 4669 xxxv.
