4358 5482
1132 215 1138 228 ἱ

236 331 418 433 γενέσεως
447 357 558 432 genus
589 331 721 424 relert,
760 329 856 429 quod
883 351 1008 403 sensus
1036 338 1171 403 moveat
1195 340 1231 405 et
1253 327 1321 405 snb
1344 330 1526 406 oculorum
1557 328 1716 407 obtutum
1740 330 1844 409 cadat
1859 329 1938 429 9⁶),

235 463 331 563 quod
363 466 395 537 si
428 473 534 536 totam
572 461 775 536 sententiam
810 461 856 530 itu
891 456 1214 555 interpretabimur,
1252 470 1291 530 ut
1321 462 1456 551 anima,
1498 463 1658 559 quamvis
1688 474 1849 560 generata
1878 462 1938 552 sit,

155 624 158 630 ¹
235 589 418 665 tamenab
446 594 576 690 optimo
601 599 754 661 creatore
779 587 933 659 omnium
959 612 1074 659 rerum
1104 595 1297 659 creatarum
1319 587 1449 684 optim
1472 585 1587 681 lacta,
1623 586 1939 664 invisibilitatem

236 720 331 793 tione
360 744 404 792 ac
431 727 604 792 concentu
629 714 805 814 praedita,
844 715 880 785 in
915 737 957 785 co
991 738 1118 812 genere
1152 713 1323 787 censenda
1353 715 1419 807 sit,
1457 711 1552 812 qnod
1583 712 1650 787 sub
1682 715 1940 816 intelligentiam

237 846 340 921 cadat
364 858 399 920 et
424 845 624 918 aeternitate
648 841 785 915 fruatur
810 841 926 913 -ad
952 843 1130 939 sequentia
1154 867 1317 941 quoque,
1349 839 1411 916 ubi
1435 842 1500 914 tria
1524 842 1660 914 animae
1683 842 1850 919 elementa
1876 847 1940 919 ite·

235 1001 313 1051 rum
338 981 606 1060 enumerantur,
641 969 942 1044 commodissimus
968 972 1133 1043 transitus
1156 970 1230 1042 fiet.
1282 968 1445 1046 Ciceroni
1471 981 1664 1045 verutatas
1692 967 1759 1043 bas
1787 973 1941 1047 rationes

234 1104 319 1179 sutis
344 1099 515 1175 obscuras
543 1097 653 1170 luisse
684 1101 787 1173 etiam
812 1100 899 1172 baec
927 1098 1073 1191 docent,
1110 1096 1171 1170 ubi
1200 1124 1281 1171 mox
1311 1122 1376 1196 pro
1400 1096 1566 1171 Graecina
1609 1095 1722 1193 λέγει
1748 1100 1942 1198 aracvpqu

234 1222 295 1315 int
319 1224 441 1321 adano
463 1227 620 1316 ἑαυτῆς,
644 1218 720 1330 ὅτῳ
740 1223 772 1306 τ’
789 1221 838 1306 eiu
864 1260 900 1307 τι
925 1222 1067 1306 rairiv
1088 1211 1112 1325 pi
1131 1221 1200 1306 ani
1224 1217 1309 1306 ὅτου
1337 1216 1386 1305 ela
1414 1219 1558 1328 ἕτερον,
1586 1219 1772 1328 apirian
1797 1259 1842 1309 re
1866 1213 1942 1325 pei.

235 1361 359 1441 λιστα
393 1354 462 1437 καὶ
496 1348 567 1449 ian
604 1351 672 1435 uni
706 1350 804 1436 inus
839 1355 908 1434 καὶ
941 1349 1055 1434 ὁπότε
1086 1348 1289 1453 ξυμβαίνει
1321 1350 1430 1433 narei
1462 1351 1517 1434 aei
1549 1350 1756 1452 γιγνόμενά
1783 1388 1829 1438 τε
1852 1355 1943 1460 apia

194 1556 199 1563 .
234 1478 397 1567 iuuenca
426 1478 578 1566 ἕκαστα
603 1468 697 1562 εἶναι
728 1479 796 1563 καὶ
820 1479 991 1578 πάσχειν
1018 1479 1087 1562 asi
1113 1480 1203 1585 apis
1232 1479 1285 1562 rel
1314 1480 1423 1562 aurel
1449 1481 1581 1563 suiad
1605 1485 1750 1582 ἔχοντα
1775 1478 1853 1575 ciel,
1881 1485 1941 1559 illa

233 1612 359 1687 Latina
385 1611 580 1687 substituit:
617 1637 685 1708 per
707 1635 746 1683 se
771 1610 885 1682 onaan
916 1622 1074 1682 mouetur
1105 1611 1364 1710 discernitque,
1398 1612 1510 1711 quial
1532 1614 1579 1686 ait
1609 1614 1765 1711 q'mdem
1788 1614 1940 1712 pencris,

234 1743 344 1842 pald
374 1741 542 1830 alteriue,
583 1749 619 1810 et
642 1748 760 1813 cetera
785 1739 983 1837 diiudicat,
1023 1739 1112 1837 quid
1145 1739 1271 1839 οιιίᾳιιο
1299 1738 1428 1812 reicit
1459 1740 1611 1819 maxim
1640 1752 1818 1837 aptam,
1855 1743 1944 1842 qnid

234 1893 373 1968 puroque
403 1867 483 1940 loco
513 1876 576 1937 ant
601 1864 706 1937 modo
730 1876 794 1937 aut
824 1876 979 1962 ternpore
1011 1867 1272 1966 continpat,
1314 1891 1472 1966 quaeque
1493 1868 1753 1941 'distinctio
1779 1869 1827 1941 sit
1850 1870 1943 1946 inter

234 2021 278 2070 ea
305 2020 395 2096 pune
419 1996 491 2068 uitat
514 2016 652 2089 semper
680 1994 825 2083 eadem,
848 1993 964 2090 .quusi
998 2017 1067 2066 non
1093 1986 1180 2075 irco
1203 2005 1240 2067 ct
1265 1987 1340 2096 ὅτῳ
1370 1993 1433 2067 sed
1458 1987 1478 2070 i
1499 2024 1537 2073 τι
1566 1997 1736 2093 scriptum
1761 2008 1941 2072 essetnec

234 2119 436 2220 ξυμβαίνει
459 2132 554 2194 arcte
580 2144 660 2192 cum
685 2118 910 2218 sequentibus
936 2113 1088 2202 ἕκαστα
1115 2104 1209 2200 εἶναι
1236 2120 1303 2200 καὶ
1328 2114 1496 2218 πάσχειν
1521 2121 1852 2215 ernestionem,
1879 2122 1940 2197 ubi

235 2246 363 2322 Cicero
390 2249 507 2321 nomio
539 2248 714 2346 quomodo
745 2252 899 2346 ipsorum
924 2273 1089 2348 generum
1115 2248 1370 2322 distinctionem
1396 2248 1464 2322 sibi
1488 2274 1629 2325 cernere
1658 2251 1756 2323 visus
1785 2261 1859 2344 est,
1897 2277 1941 2323 ne

235 2375 327 2448 cuim
359 2374 520 2449 lectionis
554 2378 753 2450 varietatem
785 2375 895 2451 inisse
921 2375 1151 2469 arbitremur,
1183 2386 1219 2451 et
1252 2378 1381 2476 optima
1412 2377 1574 2476 vulgaae
1596 2380 1766 2451 sententia
1791 2391 1826 2451 et
1856 2377 1942 2451 illud

233 2501 408 2599 prohibet,
436 2502 531 2602 quod
557 2499 701 2585 anicia
726 2515 761 2578 et
781 2499 953 2607 θάτερον
973 2505 1009 2575 in
1034 2502 1165 2581 mundo
1189 2528 1259 2577 non
1284 2530 1372 2603 pura
1395 2516 1545 2597 exstent,
1572 2504 1635 2579 scd
1659 2507 1697 2577 in
1721 2516 1841 2579 mutua
1865 2519 1941 2580 tan·

234 2642 308 2703 tum
331 2631 547 2730 singularum
570 2656 686 2705 rerum
711 2631 876 2705 relatione
900 2643 1091 2729 apparent,
1125 2656 1238 2728 nuque
1263 2633 1387 2724 iniis,
1423 2656 1511 2728 quae
1536 2631 1581 2704 ad
1612 2631 1840 2706 humanarum
1866 2635 1940 2707 nni·
1966 2608 1971 2616 ι

233 2781 368 2831 marum
401 2759 611 2833 creationem
643 2761 836 2856 pertinent,
873 2758 1071 2858 philosophi
1104 2770 1250 2833 mentem
1284 2784 1420 2857 semper
1453 2757 1755 2859 comprehendisse
1787 2758 1936 2836 videtur.

232 2880 296 2958 Sic
322 2908 357 2956 c.
381 2881 425 2957 il
454 2884 541 2959 baec
574 2887 742 2986 legimus:
782 2887 971 2988 inquibus
998 2887 1079 2986 qni
1104 2886 1193 2958 tales
1218 2897 1404 2979 creantur,
1439 2900 1480 2961 ut
1505 2888 1652 2962 ἄευνιιιιι
1686 2889 1939 2962 inmortalium

232 3012 337 3109 quast
360 3013 561 3110 pentilea
589 3040 662 3089 eoae
691 3017 861 3107 debcant,
897 3016 1013 3089 diuini
1033 3014 1172 3113 pennae
1194 3014 1419 3112 appellentur
1448 3027 1657 3117 laxantque
1681 3017 1937 3103 aamiamnni·

234 3141 406 3211 mantiam
426 3142 680 3240 principatum,
706 3168 795 3242 quae
821 3144 851 3215 si
876 3144 954 3241 quis
980 3140 1053 3214 sola
1078 3155 1223 3240 spectet,
1251 3143 1429 3217 bominum
1454 3167 1474 3213 ιι
1500 3142 1613 3216 brutis
1634 3142 1820 3218 discrimen
1845 3143 1935 3216 indi·

234 3289 314 3339 care
336 3265 580 3364 arbitrabitur3
608 3271 643 3342 in
662 3268 799 3345 Graeco
820 3284 935 3344 auum
960 3268 1146 3370 exemplari
1168 3271 1264 3368 ipsae
1286 3272 1420 3347 animae
1444 3270 1688 3348 immortalium
1712 3270 1936 3370 cognomines

231 3407 456 3491 opponuntur
475 3396 692 3492 corporibus,
715 3424 864 3498 quorum
886 3398 1012 3471 altem
1036 3396 1084 3470 dii
1107 3399 1259 3480 minores
1282 3423 1305 3471 a
1325 3424 1462 3472 sommo
1479 3398 1605 3496 opiiice
1624 3401 1809 3498 accipiant,
1828 3396 1936 3472 altera

232 3544 316 3596 aero
340 3521 407 3619 ipsi
432 3519 559 3596 addere
578 3522 782 3621 jubeantur,
809 3527 903 3599 sicut
929 3527 1031 3598 etiam
1053 3523 1177 3600 Cicero
1202 3528 1279 3626 ipse
1306 3531 1438 3628 pergit:
1467 3553 1529 3600 voa
1553 3537 1670 3601 autern
1692 3531 1743 3601 nd
1763 3529 1814 3619 id,
1840 3529 1939 3627 pand

234 3649 302 3721 erit
335 3648 556 3740 immortale,
573 3655 727 3748 'partam
755 3656 939 3727 attexitote
969 3653 1176 3746 meruleta,
1210 3667 1411 3753 tentumque
1435 3651 1555 3748 abest,
1594 3666 1634 3727 ut
1658 3653 1734 3753 jam
1766 3677 1861 3727 nunc
1894 3652 1937 3728 de

234 3773 434 3848 bominibus
470 3774 652 3878 brutisque
687 3778 940 3881 distinguendis
973 3782 1116 3882 cogitari
1145 3783 1282 3879 possit,
1324 3794 1364 3855 ut
1394 3781 1498 3855 claris
1528 3781 1646 3855 verbis
1686 3792 1764 3881 post
1794 3779 1937 3855 alteram

234 3901 371 3975 demum
396 3906 601 4010 tertiamque
624 3911 879 4005 generationem
905 3934 966 3981 eas
991 3910 1145 4000 animas,
1182 3932 1272 4008 quae
1300 3907 1367 3981 sibi
1393 3910 1488 4009 ipsae
1512 3923 1703 4010 temperare
1728 3906 1938 4011 modumquc

234 4055 275 4102 ac
301 4012 467 4103 rationem
492 4058 631 4107 servare
656 4049 851 4136 nequeant,
888 4038 1035 4135 primum
1061 4035 1098 4107 in
1123 4034 1271 4109 leminea
1296 4048 1331 4111 et
1354 4035 1478 4113 deinde
1505 4036 1644 4113 demum
1668 4037 1704 4113 in
1736 4034 1839 4113 bmta
1863 4022 1939 4113 anie

233 4156 337 4230 mulia
364 4159 510 4232 transire
535 4161 721 4238 doceamur
740 4166 809 4267 9⁷).
864 4167 988 4263 Neque
1017 4167 1053 4238 in
1079 4161 1147 4236 boc
1180 4165 1257 4263 ipso
1285 4179 1489 4266 argumento
1515 4190 1550 4239 e·
1575 4161 1626 4236 12
1658 4167 1743 4239 satis
1776 4174 1939 4241 accurate

246 4287 686 4313 b--u———u—-...

305 4368 351 4438 96)
370 4370 441 4423 lbid.
460 4390 488 4442 p.
509 4372 602 4425 281³:
634 4371 670 4426 aa*
694 4377 723 4427 di
749 4372 880 4444 αἰσθητά,
907 4371 969 4444 step
995 4370 1139 4445 napatlpnaai
1161 4372 1226 4434 nerui
1250 4371 1412 4445 niudlpnrne,
1437 4369 1571 4442 parvipensa
1590 4380 1634 4428 καὶ
1650 4366 1759 4443 yrrrprrl
1776 4367 1871 4440 iosirpt
1899 4372 1936 4423 ei.

235 4482 264 4534 p.
284 4465 316 4517 bi
337 4468 370 4519 B.

313 4560 359 4630 tt)
378 4564 450 4616 lbid.
470 4583 498 4635 p.
519 4565 553 4618 42
574 4567 609 4618 B:
631 4569 736 4628 conlate
752 4571 780 4621 dl
798 4564 897 4621 τούτων
914 4564 1083 4634 inperante
1102 4564 1178 4630 φύσιν
1193 4573 1219 4622 is
1239 4573 1274 4641 τῇ
1292 4572 1400 4640 dsrulpp
1417 4573 1509 4637 ysaiam
1526 4570 1680 4633 urendam,
1697 4565 1734 4637 tat)
1752 4564 1894 4629 waima
1910 4569 1940 4621 ll
