<?xml version="1.0" encoding="UTF-8"?>
<!DOCTYPE html PUBLIC "-//W3C//DTD XHTML 1.0 Transitional//EN"
    "http://www.w3.org/TR/xhtml1/DTD/xhtml1-transitional.dtd">
<html xmlns="http://www.w3.org/1999/xhtml" xml:lang="en" lang="en">
 <head>
  <title>
</title>
<meta http-equiv="Content-Type" content="text/html;charset=utf-8" />
  <meta name='ocr-system' content='tesseract 3.04.00' />
  <meta name='ocr-capabilities' content='ocr_page ocr_carea ocr_par ocr_line ocrx_word'/>
</head>
<body>
  <div class='ocr_page' id='page_1' title='image "./deinterpretatio00hermgoog_0008.png"; bbox 0 0 4358 5482; ppageno 0'>
   <div class='ocr_carea' id='block_1_1' title="bbox 232 1313 1941 3259">
    <p class='ocr_par' dir='ltr' id='par_1_1' title="bbox 232 1313 1941 3259">
     <span class='ocr_line' id='line_1_1' title="bbox 235 1313 1940 1469; baseline 0.003 -31"><span class='ocrx_word' id='word_1_1' title='bbox 235 1313 369 1467; x_wconf 74' lang='lat' dir='ltr'><strong>Saepe</strong></span> <span class='ocrx_word' id='word_1_2' title='bbox 404 1369 620 1469; x_wconf 86' lang='lat' dir='ltr'><strong>multamque</strong></span> <span class='ocrx_word' id='word_1_3' title='bbox 655 1397 709 1444; x_wconf 89' lang='lat' dir='ltr'><strong>me</strong></span> <span class='ocrx_word' id='word_1_4' title='bbox 740 1370 777 1443; x_wconf 90' lang='lat' dir='ltr'><strong>in</strong></span> <span class='ocrx_word' id='word_1_5' title='bbox 803 1366 1004 1446; x_wconf 70' lang='lat' dir='ltr'><strong>Platonicae</strong></span> <span class='ocrx_word' id='word_1_6' title='bbox 1035 1367 1212 1442; x_wconf 88' lang='lat' dir='ltr'><strong>doctrinae</strong></span> <span class='ocrx_word' id='word_1_7' title='bbox 1237 1364 1391 1466; x_wconf 85' lang='lat' dir='ltr'><strong>reliqniis</strong></span> <span class='ocrx_word' id='word_1_8' title='bbox 1417 1379 1607 1441; x_wconf 73' lang='lat' dir='ltr'><strong>versantem</strong></span> <span class='ocrx_word' id='word_1_9' title='bbox 1633 1367 1781 1443; x_wconf 85' lang='lat' dir='ltr'><strong>advertit</strong></span> <span class='ocrx_word' id='word_1_10' title='bbox 1806 1372 1940 1469; x_wconf 73' lang='lat' dir='ltr'><strong>insigne</strong></span> 
     </span>
     <span class='ocr_line' id='line_1_2' title="bbox 235 1496 1941 1600; baseline 0.003 -32"><span class='ocrx_word' id='word_1_11' title='bbox 235 1496 321 1570; x_wconf 91' lang='lat' dir='ltr'><strong>illud</strong></span> <span class='ocrx_word' id='word_1_12' title='bbox 349 1497 593 1595; x_wconf 74' lang='lat' dir='ltr'><strong>fragmentum,</strong></span> <span class='ocrx_word' id='word_1_13' title='bbox 621 1525 692 1597; x_wconf 88' lang='lat' dir='ltr'><strong>quo</strong></span> <span class='ocrx_word' id='word_1_14' title='bbox 708 1501 947 1599; x_wconf 77' lang='lat' dir='ltr'><strong>gravissimum</strong></span> <span class='ocrx_word' id='word_1_15' title='bbox 966 1498 1122 1571; x_wconf 77' lang='lat' dir='ltr'><strong>Graecae</strong></span> <span class='ocrx_word' id='word_1_16' title='bbox 1146 1496 1332 1595; x_wconf 88' lang='lat' dir='ltr'><strong>sapientiae</strong></span> <span class='ocrx_word' id='word_1_17' title='bbox 1358 1507 1631 1588; x_wconf 78' lang='lat' dir='ltr'><strong>monumentum,</strong></span> <span class='ocrx_word' id='word_1_18' title='bbox 1657 1498 1793 1572; x_wconf 79' lang='lat' dir='ltr'><strong>Timaei</strong></span> <span class='ocrx_word' id='word_1_19' title='bbox 1814 1499 1941 1600; x_wconf 76' lang='lat' dir='ltr'><strong>dialogi</strong></span> 
     </span>
     <span class='ocr_line' id='line_1_3' title="bbox 235 1622 1941 1726; baseline 0.001 -28"><span class='ocrx_word' id='word_1_20' title='bbox 235 1638 366 1725; x_wconf 87' lang='lat' dir='ltr'><strong>partem</strong></span> <span class='ocrx_word' id='word_1_21' title='bbox 394 1651 464 1722; x_wconf 82' lang='lat' dir='ltr'><strong>non</strong></span> <span class='ocrx_word' id='word_1_22' title='bbox 489 1626 673 1724; x_wconf 72' lang='lat' dir='ltr'><strong>exiguam,</strong></span> <span class='ocrx_word' id='word_1_23' title='bbox 714 1625 758 1699; x_wconf 93' lang='lat' dir='ltr'><strong>ah</strong></span> <span class='ocrx_word' id='word_1_24' title='bbox 781 1626 1093 1726; x_wconf 73' lang='lat' dir='ltr'><strong>intelligentissimo</strong></span> <span class='ocrx_word' id='word_1_25' title='bbox 1118 1624 1322 1699; x_wconf 89' lang='lat' dir='ltr'><strong>Latinarum</strong></span> <span class='ocrx_word' id='word_1_26' title='bbox 1345 1622 1522 1695; x_wconf 90' lang='lat' dir='ltr'><strong>literarum</strong></span> <span class='ocrx_word' id='word_1_27' title='bbox 1546 1623 1676 1698; x_wconf 87' lang='lat' dir='ltr'><strong>arbitro</strong></span> <span class='ocrx_word' id='word_1_28' title='bbox 1705 1625 1874 1700; x_wconf 82' lang='lat' dir='ltr'><strong>Cicerone</strong></span> <span class='ocrx_word' id='word_1_29' title='bbox 1904 1629 1941 1699; x_wconf 93' lang='lat' dir='ltr'><strong>in</strong></span> 
     </span>
     <span class='ocr_line' id='line_1_4' title="bbox 236 1753 1940 1854; baseline 0.001 -27"><span class='ocrx_word' id='word_1_30' title='bbox 236 1780 338 1827; x_wconf 89' lang='lat' dir='ltr'><strong>suum</strong></span> <span class='ocrx_word' id='word_1_31' title='bbox 364 1779 557 1826; x_wconf 88' lang='lat' dir='ltr'><strong>sermonem</strong></span> <span class='ocrx_word' id='word_1_32' title='bbox 583 1755 786 1829; x_wconf 73' lang='lat' dir='ltr'><strong>transientem</strong></span> <span class='ocrx_word' id='word_1_33' title='bbox 812 1764 989 1848; x_wconf 81' lang='lat' dir='ltr'><strong>tenemus3</strong></span> <span class='ocrx_word' id='word_1_34' title='bbox 1028 1755 1122 1851; x_wconf 88' lang='lat' dir='ltr'><strong>quod</strong></span> <span class='ocrx_word' id='word_1_35' title='bbox 1144 1757 1206 1826; x_wconf 89' lang='lat' dir='ltr'><strong>etsi</strong></span> <span class='ocrx_word' id='word_1_36' title='bbox 1231 1765 1370 1852; x_wconf 84' lang='lat' dir='ltr'><strong>propter</strong></span> <span class='ocrx_word' id='word_1_37' title='bbox 1391 1753 1504 1849; x_wconf 87' lang='lat' dir='ltr'><strong>ipsum</strong></span> <span class='ocrx_word' id='word_1_38' title='bbox 1530 1753 1821 1850; x_wconf 79' lang='lat' dir='ltr'><strong>interpretationis</strong></span> <span class='ocrx_word' id='word_1_39' title='bbox 1847 1757 1940 1854; x_wconf 75' lang='lat' dir='ltr'><strong>ripo-</strong></span> 
     </span>
     <span class='ocr_line' id='line_1_5' title="bbox 235 1878 1940 1981; baseline 0.001 -29"><span class='ocrx_word' id='word_1_40' title='bbox 235 1906 307 1954; x_wconf 90' lang='lat' dir='ltr'><strong>rem</strong></span> <span class='ocrx_word' id='word_1_41' title='bbox 334 1879 379 1954; x_wconf 91' lang='lat' dir='ltr'><strong>ad</strong></span> <span class='ocrx_word' id='word_1_42' title='bbox 404 1880 642 1954; x_wconf 81' lang='lat' dir='ltr'><strong>illustrandam</strong></span> <span class='ocrx_word' id='word_1_43' title='bbox 668 1880 1088 1980; x_wconf 84' lang='lat' dir='ltr'><strong>circumscribendamqne</strong></span> <span class='ocrx_word' id='word_1_44' title='bbox 1115 1878 1311 1979; x_wconf 79' lang='lat' dir='ltr'><strong>philosophi</strong></span> <span class='ocrx_word' id='word_1_45' title='bbox 1336 1882 1538 1952; x_wconf 90' lang='lat' dir='ltr'><strong>sententiam</strong></span> <span class='ocrx_word' id='word_1_46' title='bbox 1562 1881 1621 1952; x_wconf 84' lang='lat' dir='ltr'><strong>vix</strong></span> <span class='ocrx_word' id='word_1_47' title='bbox 1642 1881 1831 1981; x_wconf 88' lang='lat' dir='ltr'><strong>quidquam</strong></span> <span class='ocrx_word' id='word_1_48' title='bbox 1857 1907 1940 1955; x_wconf 86' lang='lat' dir='ltr'><strong>con·</strong></span> 
     </span>
     <span class='ocr_line' id='line_1_6' title="bbox 236 2007 1941 2110; baseline 0.001 -29"><span class='ocrx_word' id='word_1_49' title='bbox 236 2008 302 2082; x_wconf 84' lang='lat' dir='ltr'><strong>lert</strong></span> <span class='ocrx_word' id='word_1_50' title='bbox 322 2009 368 2110; x_wconf 85' lang='lat'><strong>1),</strong></span> <span class='ocrx_word' id='word_1_51' title='bbox 398 2022 511 2083; x_wconf 85' lang='lat' dir='ltr'><strong>tamen</strong></span> <span class='ocrx_word' id='word_1_52' title='bbox 539 2021 573 2082; x_wconf 94' lang='lat' dir='ltr'><strong>et</strong></span> <span class='ocrx_word' id='word_1_53' title='bbox 599 2010 779 2084; x_wconf 88' lang='lat' dir='ltr'><strong>universae</strong></span> <span class='ocrx_word' id='word_1_54' title='bbox 802 2010 990 2084; x_wconf 86' lang='lat' dir='ltr'><strong>hodiernae</strong></span> <span class='ocrx_word' id='word_1_55' title='bbox 1014 2011 1146 2083; x_wconf 80' lang='lat' dir='ltr'><strong>formae</strong></span> <span class='ocrx_word' id='word_1_56' title='bbox 1172 2008 1409 2080; x_wconf 85' lang='lat' dir='ltr'><strong>auctoritatem</strong></span> <span class='ocrx_word' id='word_1_57' title='bbox 1435 2007 1471 2077; x_wconf 91' lang='lat' dir='ltr'><strong>in</strong></span> <span class='ocrx_word' id='word_1_58' title='bbox 1496 2008 1749 2105; x_wconf 86' lang='lat' dir='ltr'><strong>comparatione</strong></span> <span class='ocrx_word' id='word_1_59' title='bbox 1770 2019 1885 2083; x_wconf 90' lang='lat' dir='ltr'><strong>tuetur</strong></span> <span class='ocrx_word' id='word_1_60' title='bbox 1904 2020 1941 2083; x_wconf 90' lang='lat' dir='ltr'><strong>et</strong></span> 
     </span>
     <span class='ocr_line' id='line_1_7' title="bbox 235 2116 1940 2237; baseline 0.001 -28"><span class='ocrx_word' id='word_1_61' title='bbox 235 2137 451 2237; x_wconf 78' lang='lat' dir='ltr'><strong>singulorum</strong></span> <span class='ocrx_word' id='word_1_62' title='bbox 483 2116 667 2210; x_wconf 86' lang='lat' dir='ltr'><strong>¹verborum</strong></span> <span class='ocrx_word' id='word_1_63' title='bbox 701 2140 828 2236; x_wconf 90' lang='lat' dir='ltr'><strong>passim</strong></span> <span class='ocrx_word' id='word_1_64' title='bbox 859 2149 895 2212; x_wconf 91' lang='lat' dir='ltr'><strong>et</strong></span> <span class='ocrx_word' id='word_1_65' title='bbox 922 2136 1104 2211; x_wconf 87' lang='lat' dir='ltr'><strong>lectionem</strong></span> <span class='ocrx_word' id='word_1_66' title='bbox 1130 2148 1164 2209; x_wconf 88' lang='lat' dir='ltr'><strong>et</strong></span> <span class='ocrx_word' id='word_1_67' title='bbox 1192 2133 1402 2208; x_wconf 86' lang='lat' dir='ltr'><strong>intellectum</strong></span> <span class='ocrx_word' id='word_1_68' title='bbox 1429 2131 1592 2232; x_wconf 88' lang='lat' dir='ltr'><strong>adjuvare</strong></span> <span class='ocrx_word' id='word_1_69' title='bbox 1618 2146 1753 2234; x_wconf 72' lang='lat' dir='ltr'><strong>potest,</strong></span> <span class='ocrx_word' id='word_1_70' title='bbox 1791 2135 1940 2235; x_wconf 83' lang='lat' dir='ltr'><strong>denique</strong></span> 
     </span>
     <span class='ocr_line' id='line_1_8' title="bbox 233 2262 1939 2363; baseline 0 -26"><span class='ocrx_word' id='word_1_71' title='bbox 233 2262 278 2337; x_wconf 88' lang='lat' dir='ltr'><strong>ad</strong></span> <span class='ocrx_word' id='word_1_72' title='bbox 309 2267 417 2362; x_wconf 87' lang='lat' dir='ltr'><strong>ipsam</strong></span> <span class='ocrx_word' id='word_1_73' title='bbox 452 2262 690 2361; x_wconf 88' lang='lat' dir='ltr'><strong>philosophiae</strong></span> <span class='ocrx_word' id='word_1_74' title='bbox 714 2264 919 2338; x_wconf 79' lang='lat' dir='ltr'><strong>Platonicae</strong></span> <span class='ocrx_word' id='word_1_75' title='bbox 943 2264 1121 2339; x_wconf 88' lang='lat' dir='ltr'><strong>historiam</strong></span> <span class='ocrx_word' id='word_1_76' title='bbox 1148 2290 1216 2337; x_wconf 92' lang='lat' dir='ltr'><strong>non</strong></span> <span class='ocrx_word' id='word_1_77' title='bbox 1250 2265 1366 2363; x_wconf 75' lang='lat' dir='ltr'><strong>exigui</strong></span> <span class='ocrx_word' id='word_1_78' title='bbox 1400 2267 1562 2338; x_wconf 89' lang='lat' dir='ltr'><strong>momenti</strong></span> <span class='ocrx_word' id='word_1_79' title='bbox 1593 2276 1645 2338; x_wconf 87' lang='lat' dir='ltr'><strong>est</strong></span> <span class='ocrx_word' id='word_1_80' title='bbox 1675 2262 1813 2356; x_wconf 81' lang='lat' dir='ltr'><strong>ridere,</strong></span> <span class='ocrx_word' id='word_1_81' title='bbox 1852 2288 1939 2362; x_wconf 89' lang='lat' dir='ltr'><strong>quo·</strong></span> 
     </span>
     <span class='ocr_line' id='line_1_9' title="bbox 235 2390 1939 2492; baseline 0.001 -27"><span class='ocrx_word' id='word_1_82' title='bbox 235 2392 337 2466; x_wconf 91' lang='lat' dir='ltr'><strong>modo</strong></span> <span class='ocrx_word' id='word_1_83' title='bbox 370 2392 608 2490; x_wconf 80' lang='lat' dir='ltr'><strong>spinosissima</strong></span> <span class='ocrx_word' id='word_1_84' title='bbox 633 2390 737 2491; x_wconf 88' lang='lat' dir='ltr'><strong>hujus</strong></span> <span class='ocrx_word' id='word_1_85' title='bbox 764 2393 890 2492; x_wconf 91' lang='lat' dir='ltr'><strong>placita</strong></span> <span class='ocrx_word' id='word_1_86' title='bbox 919 2393 1159 2468; x_wconf 85' lang='lat' dir='ltr'><strong>florentissima</strong></span> <span class='ocrx_word' id='word_1_87' title='bbox 1183 2391 1400 2490; x_wconf 75' lang='lat' dir='ltr'><strong>ingeniorum</strong></span> <span class='ocrx_word' id='word_1_88' title='bbox 1426 2395 1664 2466; x_wconf 83' lang='lat' dir='ltr'><strong>Romanorum</strong></span> <span class='ocrx_word' id='word_1_89' title='bbox 1689 2403 1800 2466; x_wconf 85' lang='lat' dir='ltr'><strong>aetate</strong></span> <span class='ocrx_word' id='word_1_90' title='bbox 1828 2392 1874 2465; x_wconf 87' lang='lat' dir='ltr'><strong>ah</strong></span> <span class='ocrx_word' id='word_1_91' title='bbox 1898 2419 1939 2467; x_wconf 88' lang='lat' dir='ltr'><strong>eo</strong></span> 
     </span>
     <span class='ocr_line' id='line_1_10' title="bbox 234 2516 1938 2621; baseline 0.003 -29"><span class='ocrx_word' id='word_1_92' title='bbox 234 2530 394 2618; x_wconf 87' lang='lat' dir='ltr'><strong>percepta</strong></span> <span class='ocrx_word' id='word_1_93' title='bbox 417 2520 505 2610; x_wconf 91' lang='lat' dir='ltr'><strong>sint,</strong></span> <span class='ocrx_word' id='word_1_94' title='bbox 534 2519 595 2615; x_wconf 89' lang='lat' dir='ltr'><strong>qui</strong></span> <span class='ocrx_word' id='word_1_95' title='bbox 620 2530 655 2593; x_wconf 91' lang='lat' dir='ltr'><strong>et</strong></span> <span class='ocrx_word' id='word_1_96' title='bbox 679 2519 865 2618; x_wconf 87' lang='lat' dir='ltr'><strong>plurimum</strong></span> <span class='ocrx_word' id='word_1_97' title='bbox 891 2521 1091 2596; x_wconf 84' lang='lat' dir='ltr'><strong>eruditionis</strong></span> <span class='ocrx_word' id='word_1_98' title='bbox 1115 2532 1148 2593; x_wconf 90' lang='lat' dir='ltr'><strong>et</strong></span> <span class='ocrx_word' id='word_1_99' title='bbox 1173 2516 1324 2593; x_wconf 88' lang='lat' dir='ltr'><strong>studium</strong></span> <span class='ocrx_word' id='word_1_100' title='bbox 1350 2545 1492 2619; x_wconf 87' lang='lat' dir='ltr'><strong>prorsus</strong></span> <span class='ocrx_word' id='word_1_101' title='bbox 1518 2520 1694 2621; x_wconf 76' lang='lat' dir='ltr'><strong>singulare</strong></span> <span class='ocrx_word' id='word_1_102' title='bbox 1716 2520 1761 2594; x_wconf 93' lang='lat' dir='ltr'><strong>ad</strong></span> <span class='ocrx_word' id='word_1_103' title='bbox 1786 2520 1938 2620; x_wconf 85' lang='lat' dir='ltr'><strong>phileso-</strong></span> 
     </span>
     <span class='ocr_line' id='line_1_11' title="bbox 234 2642 1935 2748; baseline 0.002 -30"><span class='ocrx_word' id='word_1_104' title='bbox 234 2644 351 2745; x_wconf 90' lang='lat' dir='ltr'><strong>phiam</strong></span> <span class='ocrx_word' id='word_1_105' title='bbox 375 2645 600 2745; x_wconf 88' lang='lat' dir='ltr'><strong>popularibus</strong></span> <span class='ocrx_word' id='word_1_106' title='bbox 624 2649 698 2720; x_wconf 86' lang='lat' dir='ltr'><strong>suis</strong></span> <span class='ocrx_word' id='word_1_107' title='bbox 725 2642 1033 2724; x_wconf 86' lang='lat' dir='ltr'><strong>commendandam</strong></span> <span class='ocrx_word' id='word_1_108' title='bbox 1058 2647 1186 2722; x_wconf 83' lang='lat' dir='ltr'><strong>attulit.</strong></span> <span class='ocrx_word' id='word_1_109' title='bbox 1239 2647 1403 2722; x_wconf 85' lang='lat' dir='ltr'><strong>Elevavit</strong></span> <span class='ocrx_word' id='word_1_110' title='bbox 1419 2648 1559 2747; x_wconf 90' lang='lat' dir='ltr'><strong>quidem</strong></span> <span class='ocrx_word' id='word_1_111' title='bbox 1578 2674 1689 2747; x_wconf 87' lang='lat' dir='ltr'><strong>nuper</strong></span> <span class='ocrx_word' id='word_1_112' title='bbox 1706 2646 1844 2722; x_wconf 92' lang='lat' dir='ltr'><strong>demum</strong></span> <span class='ocrx_word' id='word_1_113' title='bbox 1862 2649 1935 2748; x_wconf 85' lang='lat' dir='ltr'><strong>ejus</strong></span> 
     </span>
     <span class='ocr_line' id='line_1_12' title="bbox 232 2752 1935 2878; baseline 0.002 -33"><span class='ocrx_word' id='word_1_114' title='bbox 232 2752 524 2872; x_wconf 86' lang='lat' dir='ltr'><strong>interpretationis</strong></span> <span class='ocrx_word' id='word_1_115' title='bbox 556 2773 661 2848; x_wconf 90' lang='lat' dir='ltr'><strong>iidem</strong></span> <span class='ocrx_word' id='word_1_116' title='bbox 693 2788 795 2876; x_wconf 86' lang='lat' dir='ltr'><strong>atque</strong></span> <span class='ocrx_word' id='word_1_117' title='bbox 829 2777 1041 2878; x_wconf 75' lang='lat' dir='ltr'><strong>diligentiam</strong></span> <span class='ocrx_word' id='word_1_118' title='bbox 1071 2776 1321 2853; x_wconf 87' lang='lat' dir='ltr'><strong>Stallbaumius</strong></span> <span class='ocrx_word' id='word_1_119' title='bbox 1344 2776 1377 2877; x_wconf 78' lang='grc'><strong>2)</strong></span> <span class='ocrx_word' id='word_1_120' title='bbox 1389 2825 1401 2867; x_wconf 89' lang='grc'><em>,</em></span> <span class='ocrx_word' id='word_1_121' title='bbox 1440 2802 1552 2876; x_wconf 89' lang='lat' dir='ltr'><strong>neque</strong></span> <span class='ocrx_word' id='word_1_122' title='bbox 1585 2778 1616 2848; x_wconf 88' lang='lat' dir='ltr'><strong>is</strong></span> <span class='ocrx_word' id='word_1_123' title='bbox 1648 2801 1726 2848; x_wconf 88' lang='lat' dir='ltr'><strong>sum</strong></span> <span class='ocrx_word' id='word_1_124' title='bbox 1759 2778 1821 2876; x_wconf 88' lang='lat' dir='ltr'><strong>qui</strong></span> <span class='ocrx_word' id='word_1_125' title='bbox 1856 2802 1935 2851; x_wconf 87' lang='lat' dir='ltr'><strong>eum</strong></span> 
     </span>
     <span class='ocr_line' id='line_1_13' title="bbox 232 2900 1938 3007; baseline 0.002 -33"><span class='ocrx_word' id='word_1_126' title='bbox 232 2900 277 2974; x_wconf 73' lang='lat' dir='ltr'><strong>Il.</strong></span> <span class='ocrx_word' id='word_1_127' title='bbox 307 2901 355 2974; x_wconf 87' lang='lat' dir='ltr'><strong>G.</strong></span> <span class='ocrx_word' id='word_1_128' title='bbox 381 2901 569 3001; x_wconf 77' lang='lat' dir='ltr'><strong>Wagnero</strong></span> <span class='ocrx_word' id='word_1_129' title='bbox 586 2900 641 3001; x_wconf 68' lang='grc' dir='ltr'><strong>ὅ),</strong></span> <span class='ocrx_word' id='word_1_130' title='bbox 679 2901 877 3003; x_wconf 87' lang='lat' dir='ltr'><strong>ubicunque</strong></span> <span class='ocrx_word' id='word_1_131' title='bbox 903 2905 1190 3004; x_wconf 86' lang='lat' dir='ltr'><strong>interpretationis</strong></span> <span class='ocrx_word' id='word_1_132' title='bbox 1214 2907 1427 2978; x_wconf 87' lang='lat' dir='ltr'><strong>sententiaa</strong></span> <span class='ocrx_word' id='word_1_133' title='bbox 1456 2904 1571 2979; x_wconf 89' lang='lat' dir='ltr'><strong>verbis</strong></span> <span class='ocrx_word' id='word_1_134' title='bbox 1592 2903 1707 3003; x_wconf 84' lang='lat' dir='ltr'><strong>qualia</strong></span> <span class='ocrx_word' id='word_1_135' title='bbox 1735 2931 1828 2977; x_wconf 92' lang='lat' dir='ltr'><strong>nunc</strong></span> <span class='ocrx_word' id='word_1_136' title='bbox 1851 2905 1938 3007; x_wconf 75' lang='lat' dir='ltr'><strong>legi·</strong></span> 
     </span>
     <span class='ocr_line' id='line_1_14' title="bbox 234 3027 1937 3132; baseline 0.004 -32"><span class='ocrx_word' id='word_1_137' title='bbox 234 3055 311 3101; x_wconf 90' lang='lat' dir='ltr'><strong>mus</strong></span> <span class='ocrx_word' id='word_1_138' title='bbox 339 3027 514 3102; x_wconf 86' lang='lat' dir='ltr'><strong>discedere</strong></span> <span class='ocrx_word' id='word_1_139' title='bbox 539 3028 716 3122; x_wconf 83' lang='lat' dir='ltr'><strong>rideatur,</strong></span> <span class='ocrx_word' id='word_1_140' title='bbox 752 3030 854 3105; x_wconf 90' lang='lat' dir='ltr'><strong>aliam</strong></span> <span class='ocrx_word' id='word_1_141' title='bbox 885 3036 1050 3107; x_wconf 89' lang='lat' dir='ltr'><strong>orationis</strong></span> <span class='ocrx_word' id='word_1_142' title='bbox 1079 3034 1227 3107; x_wconf 83' lang='lat' dir='ltr'><strong>sormam</strong></span> <span class='ocrx_word' id='word_1_143' title='bbox 1253 3031 1416 3106; x_wconf 85' lang='lat' dir='ltr'><strong>Ciceroni</strong></span> <span class='ocrx_word' id='word_1_144' title='bbox 1441 3044 1521 3105; x_wconf 93' lang='lat' dir='ltr'><strong>aute</strong></span> <span class='ocrx_word' id='word_1_145' title='bbox 1544 3033 1666 3106; x_wconf 91' lang='lat' dir='ltr'><strong>oculos</strong></span> <span class='ocrx_word' id='word_1_146' title='bbox 1688 3034 1795 3107; x_wconf 84' lang='lat' dir='ltr'><strong>icisse</strong></span> <span class='ocrx_word' id='word_1_147' title='bbox 1822 3037 1937 3132; x_wconf 89' lang='lat' dir='ltr'><strong>suspi-</strong></span> 
     </span>
     <span class='ocr_line' id='line_1_15' title="bbox 232 3159 1937 3259; baseline 0.003 -30"><span class='ocrx_word' id='word_1_148' title='bbox 232 3180 312 3249; x_wconf 69' lang='lat' dir='ltr'><strong>cer,</strong></span> <span class='ocrx_word' id='word_1_149' title='bbox 336 3167 372 3228; x_wconf 90' lang='lat' dir='ltr'><strong>at</strong></span> <span class='ocrx_word' id='word_1_150' title='bbox 396 3159 555 3254; x_wconf 88' lang='lat' dir='ltr'><strong>quamvis</strong></span> <span class='ocrx_word' id='word_1_151' title='bbox 578 3160 680 3256; x_wconf 90' lang='lat' dir='ltr'><strong>pauci</strong></span> <span class='ocrx_word' id='word_1_152' title='bbox 706 3171 838 3232; x_wconf 88' lang='lat' dir='ltr'><strong>tantum</strong></span> <span class='ocrx_word' id='word_1_153' title='bbox 864 3160 934 3233; x_wconf 91' lang='lat' dir='ltr'><strong>locl</strong></span> <span class='ocrx_word' id='word_1_154' title='bbox 959 3164 995 3232; x_wconf 92' lang='lat' dir='ltr'><strong>in</strong></span> <span class='ocrx_word' id='word_1_155' title='bbox 1021 3184 1061 3234; x_wconf 91' lang='lat' dir='ltr'><strong>ea</strong></span> <span class='ocrx_word' id='word_1_156' title='bbox 1084 3161 1312 3259; x_wconf 83' lang='lat' dir='ltr'><strong>reperiantur,</strong></span> <span class='ocrx_word' id='word_1_157' title='bbox 1339 3159 1467 3259; x_wconf 88' lang='lat' dir='ltr'><strong>quihus</strong></span> <span class='ocrx_word' id='word_1_158' title='bbox 1488 3160 1759 3235; x_wconf 89' lang='lat' dir='ltr'><strong>emendationem</strong></span> <span class='ocrx_word' id='word_1_159' title='bbox 1784 3186 1828 3236; x_wconf 81' lang='lat' dir='ltr'><strong>ex</strong></span> <span class='ocrx_word' id='word_1_160' title='bbox 1854 3186 1937 3236; x_wconf 91' lang='lat' dir='ltr'><strong>con·</strong></span> 
     </span>
    </p>
   </div>
   <div class='ocr_carea' id='block_1_2' title="bbox 230 3392 1937 4737">
    <p class='ocr_par' dir='ltr' id='par_1_2' title="bbox 230 3392 1937 4542">
     <span class='ocr_line' id='line_1_16' title="bbox 305 3392 1937 3467; baseline 0.001 -20"><span class='ocrx_word' id='word_1_161' title='bbox 305 3395 333 3462; x_wconf 87' lang='grc'><strong>1)</strong></span> <span class='ocrx_word' id='word_1_162' title='bbox 351 3397 481 3465; x_wconf 77' lang='lat' dir='ltr'><strong>Apposite</strong></span> <span class='ocrx_word' id='word_1_163' title='bbox 501 3397 611 3447; x_wconf 81' lang='lat' dir='ltr'><strong>adrem</strong></span> <span class='ocrx_word' id='word_1_164' title='bbox 629 3397 664 3447; x_wconf 88' lang='lat' dir='ltr'><strong>‹te</strong></span> <span class='ocrx_word' id='word_1_165' title='bbox 683 3414 736 3465; x_wconf 76' lang='lat' dir='ltr'><strong>qu</strong></span> <span class='ocrx_word' id='word_1_166' title='bbox 753 3395 891 3465; x_wconf 83' lang='lat' dir='ltr'><strong>loquimur</strong></span> <span class='ocrx_word' id='word_1_167' title='bbox 910 3393 1092 3462; x_wconf 69' lang='lat' dir='ltr'><strong>hieronymus</strong></span> <span class='ocrx_word' id='word_1_168' title='bbox 1110 3393 1214 3446; x_wconf 77' lang='lat' dir='ltr'><strong>Comus.</strong></span> <span class='ocrx_word' id='word_1_169' title='bbox 1230 3392 1260 3446; x_wconf 90' lang='lat' dir='ltr'><strong>io</strong></span> <span class='ocrx_word' id='word_1_170' title='bbox 1273 3394 1363 3445; x_wconf 76' lang='lat' dir='ltr'><strong>Amos.</strong></span> <span class='ocrx_word' id='word_1_171' title='bbox 1379 3395 1416 3446; x_wconf 92' lang='grc'><strong>11.</strong></span> <span class='ocrx_word' id='word_1_172' title='bbox 1433 3395 1460 3458; x_wconf 76' lang='grc'><strong>5,</strong></span> <span class='ocrx_word' id='word_1_173' title='bbox 1474 3414 1503 3466; x_wconf 92' lang='lat' dir='ltr'><strong>p.</strong></span> <span class='ocrx_word' id='word_1_174' title='bbox 1515 3394 1581 3447; x_wconf 70' lang='lat' dir='ltr'><strong>tot·</strong></span> <span class='ocrx_word' id='word_1_175' title='bbox 1603 3396 1816 3458; x_wconf 76' lang='lat' dir='ltr'><strong>cicesriceirsec,</strong></span> <span class='ocrx_word' id='word_1_176' title='bbox 1834 3397 1937 3467; x_wconf 83' lang='lat' dir='ltr'><strong>iuquit,</strong></span> 
     </span>
     <span class='ocr_line' id='line_1_17' title="bbox 234 3490 1936 3566; baseline 0.002 -23"><span class='ocrx_word' id='word_1_177' title='bbox 234 3493 361 3546; x_wconf 77' lang='lat' dir='ltr'><strong>Platonis</strong></span> <span class='ocrx_word' id='word_1_178' title='bbox 382 3494 507 3547; x_wconf 76' lang='lat' dir='ltr'><strong>Timaeus</strong></span> <span class='ocrx_word' id='word_1_179' title='bbox 526 3494 595 3546; x_wconf 83' lang='lat' dir='ltr'><strong>iiier</strong></span> <span class='ocrx_word' id='word_1_180' title='bbox 612 3503 666 3554; x_wconf 85' lang='lat' dir='ltr'><strong>ert,</strong></span> <span class='ocrx_word' id='word_1_181' title='bbox 695 3495 745 3566; x_wconf 73' lang='lat' dir='ltr'><strong>qui</strong></span> <span class='ocrx_word' id='word_1_182' title='bbox 761 3512 795 3546; x_wconf 82' lang='lat' dir='ltr'><strong>cre</strong></span> <span class='ocrx_word' id='word_1_183' title='bbox 815 3493 955 3546; x_wconf 72' lang='lat' dir='ltr'><strong>Ciceronis</strong></span> <span class='ocrx_word' id='word_1_184' title='bbox 980 3490 1088 3565; x_wconf 69' lang='lat' dir='ltr'><strong>paridem</strong></span> <span class='ocrx_word' id='word_1_185' title='bbox 1107 3509 1190 3545; x_wconf 72' lang='lat' dir='ltr'><strong>aereo</strong></span> <span class='ocrx_word' id='word_1_186' title='bbox 1209 3510 1255 3544; x_wconf 89' lang='lat' dir='ltr'><strong>cre</strong></span> <span class='ocrx_word' id='word_1_187' title='bbox 1276 3490 1312 3562; x_wconf 73' lang='lat' dir='ltr'><strong>fit</strong></span> <span class='ocrx_word' id='word_1_188' title='bbox 1326 3491 1455 3563; x_wconf 59' lang='lat' dir='ltr'><strong>plusion</strong></span> <span class='ocrx_word' id='word_1_189' title='bbox 1484 3509 1637 3562; x_wconf 78' lang='lat' dir='ltr'><strong>quaequam</strong></span> <span class='ocrx_word' id='word_1_190' title='bbox 1663 3494 1733 3547; x_wconf 80' lang='lat' dir='ltr'><strong>nihil</strong></span> <span class='ocrx_word' id='word_1_191' title='bbox 1752 3496 1816 3547; x_wconf 86' lang='lat' dir='ltr'><strong>iude</strong></span> <span class='ocrx_word' id='word_1_192' title='bbox 1839 3496 1936 3565; x_wconf 83' lang='lat' dir='ltr'><strong>eulpae</strong></span> 
     </span>
     <span class='ocr_line' id='line_1_18' title="bbox 233 3588 1935 3664; baseline 0.002 -22"><span class='ocrx_word' id='word_1_193' title='bbox 233 3592 261 3642; x_wconf 90' lang='lat' dir='ltr'><strong>in</strong></span> <span class='ocrx_word' id='word_1_194' title='bbox 281 3591 421 3644; x_wconf 85' lang='lat' dir='ltr'><strong>Ciceronis</strong></span> <span class='ocrx_word' id='word_1_195' title='bbox 440 3592 588 3644; x_wconf 82' lang='lat' dir='ltr'><strong>cretionem</strong></span> <span class='ocrx_word' id='word_1_196' title='bbox 608 3594 703 3644; x_wconf 80' lang='lat' dir='ltr'><strong>eadere</strong></span> <span class='ocrx_word' id='word_1_197' title='bbox 721 3598 795 3643; x_wconf 89' lang='lat' dir='ltr'><strong>reete</strong></span> <span class='ocrx_word' id='word_1_198' title='bbox 816 3596 908 3642; x_wconf 86' lang='lat' dir='ltr'><strong>mouet</strong></span> <span class='ocrx_word' id='word_1_199' title='bbox 931 3592 1004 3642; x_wconf 78' lang='lat' dir='ltr'><strong>Pete.</strong></span> <span class='ocrx_word' id='word_1_200' title='bbox 1026 3590 1131 3642; x_wconf 81' lang='lat' dir='ltr'><strong>Petitur</strong></span> <span class='ocrx_word' id='word_1_201' title='bbox 1148 3589 1229 3643; x_wconf 85' lang='lat' dir='ltr'><strong>illice.</strong></span> <span class='ocrx_word' id='word_1_202' title='bbox 1249 3588 1332 3642; x_wconf 76' lang='lat' dir='ltr'><strong>obn.</strong></span> <span class='ocrx_word' id='word_1_203' title='bbox 1353 3589 1405 3641; x_wconf 89' lang='grc'><strong>111.</strong></span> <span class='ocrx_word' id='word_1_204' title='bbox 1426 3589 1454 3652; x_wconf 85' lang='grc'><strong>3,</strong></span> <span class='ocrx_word' id='word_1_205' title='bbox 1472 3608 1502 3662; x_wconf 89' lang='lat' dir='ltr'><strong>p.</strong></span> <span class='ocrx_word' id='word_1_206' title='bbox 1523 3590 1591 3643; x_wconf 72' lang='lat' dir='ltr'><strong>iiic</strong></span> <span class='ocrx_word' id='word_1_207' title='bbox 1620 3594 1702 3664; x_wconf 75' lang='lat' dir='ltr'><strong>pueri</strong></span> <span class='ocrx_word' id='word_1_208' title='bbox 1724 3592 1800 3645; x_wconf 72' lang='lat' dir='ltr'><strong>aude</strong></span> <span class='ocrx_word' id='word_1_209' title='bbox 1824 3602 1851 3644; x_wconf 82' lang='lat' dir='ltr'><strong>et</strong></span> <span class='ocrx_word' id='word_1_210' title='bbox 1874 3595 1935 3645; x_wconf 75' lang='lat' dir='ltr'><strong>eirc-</strong></span> 
     </span>
     <span class='ocr_line' id='line_1_19' title="bbox 230 3687 1935 3762; baseline 0.001 -22"><span class='ocrx_word' id='word_1_211' title='bbox 230 3689 298 3756; x_wconf 72' lang='lat' dir='ltr'><strong>piex</strong></span> <span class='ocrx_word' id='word_1_212' title='bbox 315 3692 418 3750; x_wconf 81' lang='lat' dir='ltr'><strong>versio,</strong></span> <span class='ocrx_word' id='word_1_213' title='bbox 451 3708 533 3762; x_wconf 77' lang='lat' dir='ltr'><strong>peram</strong></span> <span class='ocrx_word' id='word_1_214' title='bbox 553 3688 648 3742; x_wconf 84' lang='lat' dir='ltr'><strong>Cicero</strong></span> <span class='ocrx_word' id='word_1_215' title='bbox 667 3688 743 3741; x_wconf 75' lang='lat' dir='ltr'><strong>dedit</strong></span> <span class='ocrx_word' id='word_1_216' title='bbox 759 3688 819 3762; x_wconf 75' lang='lat' dir='ltr'><strong>ejas</strong></span> <span class='ocrx_word' id='word_1_217' title='bbox 843 3687 952 3761; x_wconf 78' lang='lat' dir='ltr'><strong>dieiepe&#39;</strong></span> <span class='ocrx_word' id='word_1_218' title='bbox 969 3689 1109 3748; x_wconf 68' lang='lat' dir='ltr'><strong>Pictoris,</strong></span> <span class='ocrx_word' id='word_1_219' title='bbox 1135 3689 1308 3760; x_wconf 67' lang='lat' dir='ltr'><strong>praetenuis</strong></span> <span class='ocrx_word' id='word_1_220' title='bbox 1326 3687 1451 3761; x_wconf 75' lang='lat' dir='ltr'><strong>clepens,</strong></span> <span class='ocrx_word' id='word_1_221' title='bbox 1479 3707 1640 3762; x_wconf 63' lang='lat' dir='ltr'><strong>magnopere</strong></span> <span class='ocrx_word' id='word_1_222' title='bbox 1664 3707 1752 3741; x_wconf 72' lang='lat' dir='ltr'><strong>rerem</strong></span> <span class='ocrx_word' id='word_1_223' title='bbox 1770 3706 1840 3761; x_wconf 76' lang='lat' dir='ltr'><strong>poree</strong></span> <span class='ocrx_word' id='word_1_224' title='bbox 1857 3690 1886 3740; x_wconf 85' lang='lat' dir='ltr'><strong>r&#39;rr</strong></span> <span class='ocrx_word' id='word_1_225' title='bbox 1905 3707 1935 3742; x_wconf 88' lang='lat' dir='ltr'><strong>ee</strong></span> 
     </span>
     <span class='ocr_line' id='line_1_20' title="bbox 236 3785 1935 3861; baseline 0 -23"><span class='ocrx_word' id='word_1_226' title='bbox 236 3795 390 3840; x_wconf 62' lang='lat' dir='ltr'><strong>nectentur</strong></span> <span class='ocrx_word' id='word_1_227' title='bbox 407 3790 518 3861; x_wconf 71' lang='lat' dir='ltr'><strong>ipsam</strong></span> <span class='ocrx_word' id='word_1_228' title='bbox 528 3785 632 3860; x_wconf 75' lang='lat' dir='ltr'><strong>jecere</strong></span> <span class='ocrx_word' id='word_1_229' title='bbox 649 3790 752 3859; x_wconf 63' lang='lat' dir='ltr'><strong>porciu</strong></span> <span class='ocrx_word' id='word_1_230' title='bbox 778 3804 894 3860; x_wconf 70' lang='lat' dir='ltr'><strong>precem</strong></span> <span class='ocrx_word' id='word_1_231' title='bbox 912 3787 1101 3839; x_wconf 74' lang='lat' dir='ltr'><strong>obscuritatem</strong></span> <span class='ocrx_word' id='word_1_232' title='bbox 1123 3787 1172 3838; x_wconf 78' lang='lat' dir='ltr'><strong>eie</strong></span> <span class='ocrx_word' id='word_1_233' title='bbox 1189 3786 1392 3838; x_wconf 71' lang='lat' dir='ltr'><strong>Platonicorum</strong></span> <span class='ocrx_word' id='word_1_234' title='bbox 1411 3785 1559 3840; x_wconf 71' lang='lat' dir='ltr'><strong>doctissimi</strong></span> <span class='ocrx_word' id='word_1_235' title='bbox 1570 3787 1659 3861; x_wconf 78' lang='lat' dir='ltr'><strong>jectis</strong></span> <span class='ocrx_word' id='word_1_236' title='bbox 1676 3786 1872 3839; x_wconf 64' lang='lat' dir='ltr'><strong>commentariis</strong></span> <span class='ocrx_word' id='word_1_237' title='bbox 1890 3785 1935 3838; x_wconf 84' lang='lat' dir='ltr'><strong>cic·</strong></span> 
     </span>
     <span class='ocr_line' id='line_1_21' title="bbox 230 3882 1933 3957; baseline 0.001 -23"><span class='ocrx_word' id='word_1_238' title='bbox 230 3884 336 3954; x_wconf 75' lang='lat' dir='ltr'><strong>petiere</strong></span> <span class='ocrx_word' id='word_1_239' title='bbox 353 3894 509 3957; x_wconf 74' lang='lat' dir='ltr'><strong>potuerant.</strong></span> <span class='ocrx_word' id='word_1_240' title='bbox 549 3885 622 3937; x_wconf 86' lang='lat' dir='ltr'><strong>iliad</strong></span> <span class='ocrx_word' id='word_1_241' title='bbox 645 3893 748 3937; x_wconf 81' lang='lat' dir='ltr'><strong>tantum</strong></span> <span class='ocrx_word' id='word_1_242' title='bbox 768 3903 819 3938; x_wconf 88' lang='lat' dir='ltr'><strong>nec</strong></span> <span class='ocrx_word' id='word_1_243' title='bbox 837 3885 897 3954; x_wconf 82' lang='lat' dir='ltr'><strong>ipre</strong></span> <span class='ocrx_word' id='word_1_244' title='bbox 914 3884 1061 3944; x_wconf 81' lang='lat' dir='ltr'><strong>diffitetur,</strong></span> <span class='ocrx_word' id='word_1_245' title='bbox 1082 3901 1131 3936; x_wconf 82' lang='lat' dir='ltr'><strong>uec</strong></span> <span class='ocrx_word' id='word_1_246' title='bbox 1150 3901 1200 3936; x_wconf 76' lang='lat' dir='ltr'><strong>nos</strong></span> <span class='ocrx_word' id='word_1_247' title='bbox 1218 3884 1320 3935; x_wconf 82' lang='lat' dir='ltr'><strong>infitier</strong></span> <span class='ocrx_word' id='word_1_248' title='bbox 1337 3884 1378 3935; x_wconf 87' lang='lat' dir='ltr'><strong>ire</strong></span> <span class='ocrx_word' id='word_1_249' title='bbox 1397 3888 1563 3955; x_wconf 84' lang='lat' dir='ltr'><strong>poterimus,</strong></span> <span class='ocrx_word' id='word_1_250' title='bbox 1582 3887 1682 3936; x_wconf 73' lang='lat' dir='ltr'><strong>Latiae</strong></span> <span class='ocrx_word' id='word_1_251' title='bbox 1701 3882 1809 3956; x_wconf 73' lang='lat' dir='ltr'><strong>peridem</strong></span> <span class='ocrx_word' id='word_1_252' title='bbox 1827 3901 1933 3935; x_wconf 74' lang='lat' dir='ltr'><strong>eonver-</strong></span> 
     </span>
     <span class='ocr_line' id='line_1_22' title="bbox 232 3980 1935 4054; baseline 0.002 -23"><span class='ocrx_word' id='word_1_253' title='bbox 232 3997 291 4031; x_wconf 72' lang='lat' dir='ltr'><strong>cerr</strong></span> <span class='ocrx_word' id='word_1_254' title='bbox 309 3998 328 4030; x_wconf 80' lang='lat' dir='ltr'><strong>e</strong></span> <span class='ocrx_word' id='word_1_255' title='bbox 349 3981 480 4034; x_wconf 77' lang='lat' dir='ltr'><strong>Cicerone</strong></span> <span class='ocrx_word' id='word_1_256' title='bbox 499 3982 625 4035; x_wconf 69' lang='lat' dir='ltr'><strong>Pictoris</strong></span> <span class='ocrx_word' id='word_1_257' title='bbox 646 3984 801 4044; x_wconf 68' lang='lat' dir='ltr'><strong>Timaea-r,</strong></span> <span class='ocrx_word' id='word_1_258' title='bbox 827 3984 876 4036; x_wconf 78' lang='lat' dir='ltr'><strong>aed</strong></span> <span class='ocrx_word' id='word_1_259' title='bbox 893 4002 948 4036; x_wconf 74' lang='lat' dir='ltr'><strong>aon</strong></span> <span class='ocrx_word' id='word_1_260' title='bbox 966 3983 1148 4044; x_wconf 66' lang='lat' dir='ltr'><strong>intellectura</strong></span> <span class='ocrx_word' id='word_1_261' title='bbox 1175 4000 1230 4035; x_wconf 73' lang='lat' dir='ltr'><strong>acre</strong></span> <span class='ocrx_word' id='word_1_262' title='bbox 1249 3985 1334 4043; x_wconf 75' lang='lat' dir='ltr'><strong>enirn,</strong></span> <span class='ocrx_word' id='word_1_263' title='bbox 1363 3983 1470 4053; x_wconf 83' lang='lat' dir='ltr'><strong>iuquit.</strong></span> <span class='ocrx_word' id='word_1_264' title='bbox 1495 4002 1597 4037; x_wconf 80' lang='lat' dir='ltr'><strong>rreeeccc</strong></span> <span class='ocrx_word' id='word_1_265' title='bbox 1616 3990 1671 4043; x_wconf 86' lang='lat' dir='ltr'><strong>eet,</strong></span> <span class='ocrx_word' id='word_1_266' title='bbox 1694 3983 1721 4034; x_wconf 80' lang='lat' dir='ltr'><strong>ei</strong></span> <span class='ocrx_word' id='word_1_267' title='bbox 1736 3983 1799 4053; x_wconf 75' lang='lat' dir='ltr'><strong>peric</strong></span> <span class='ocrx_word' id='word_1_268' title='bbox 1814 3980 1935 4054; x_wconf 72' lang='lat' dir='ltr'><strong>aiicujus</strong></span> 
     </span>
     <span class='ocr_line' id='line_1_23' title="bbox 232 4079 1933 4155; baseline 0 -25"><span class='ocrx_word' id='word_1_269' title='bbox 232 4081 353 4131; x_wconf 74' lang='lat' dir='ltr'><strong>sectoris</strong></span> <span class='ocrx_word' id='word_1_270' title='bbox 369 4083 452 4132; x_wconf 81' lang='lat' dir='ltr'><strong>cerie</strong></span> <span class='ocrx_word' id='word_1_271' title='bbox 471 4082 501 4133; x_wconf 83' lang='lat' dir='ltr'><strong>irc</strong></span> <span class='ocrx_word' id='word_1_272' title='bbox 519 4081 604 4133; x_wconf 73' lang='lat' dir='ltr'><strong>aliem</strong></span> <span class='ocrx_word' id='word_1_273' title='bbox 622 4081 746 4153; x_wconf 68' lang='lat' dir='ltr'><strong>linquere</strong></span> <span class='ocrx_word' id='word_1_274' title='bbox 767 4084 928 4154; x_wconf 69' lang='lat' dir='ltr'><strong>transeut,</strong></span> <span class='ocrx_word' id='word_1_275' title='bbox 959 4080 1079 4155; x_wconf 54' lang='lat' dir='ltr'><strong>quedem</strong></span> <span class='ocrx_word' id='word_1_276' title='bbox 1101 4083 1156 4133; x_wconf 78' lang='lat' dir='ltr'><strong>cirre</strong></span> <span class='ocrx_word' id='word_1_277' title='bbox 1179 4083 1321 4134; x_wconf 69' lang='lat' dir='ltr'><strong>veriorum</strong></span> <span class='ocrx_word' id='word_1_278' title='bbox 1344 4091 1372 4133; x_wconf 81' lang='lat' dir='ltr'><strong>et</strong></span> <span class='ocrx_word' id='word_1_279' title='bbox 1390 4084 1583 4134; x_wconf 71' lang='lat' dir='ltr'><strong>sententiarum</strong></span> <span class='ocrx_word' id='word_1_280' title='bbox 1606 4079 1746 4152; x_wconf 75' lang='lat' dir='ltr'><strong>profunde</strong></span> <span class='ocrx_word' id='word_1_281' title='bbox 1770 4097 1825 4132; x_wconf 86' lang='lat' dir='ltr'><strong>ecce</strong></span> <span class='ocrx_word' id='word_1_282' title='bbox 1842 4080 1933 4133; x_wconf 71' lang='lat' dir='ltr'><strong>amireo</strong></span> 
     </span>
     <span class='ocr_line' id='line_1_24' title="bbox 233 4175 1933 4253; baseline -0.001 -25"><span class='ocrx_word' id='word_1_283' title='bbox 233 4176 415 4247; x_wconf 67' lang='lat' dir='ltr'><strong>complexurus</strong></span> <span class='ocrx_word' id='word_1_284' title='bbox 443 4197 529 4251; x_wconf 76' lang='lat' dir='ltr'><strong>erepere</strong></span> <span class='ocrx_word' id='word_1_285' title='bbox 546 4198 656 4231; x_wconf 74' lang='lat' dir='ltr'><strong>urrerem</strong></span> <span class='ocrx_word' id='word_1_286' title='bbox 675 4179 749 4230; x_wconf 71' lang='lat' dir='ltr'><strong>icturi</strong></span> <span class='ocrx_word' id='word_1_287' title='bbox 767 4198 797 4232; x_wconf 85' lang='lat' dir='ltr'><strong>oc</strong></span> <span class='ocrx_word' id='word_1_288' title='bbox 815 4181 956 4233; x_wconf 73' lang='lat' dir='ltr'><strong>adrerum</strong></span> <span class='ocrx_word' id='word_1_289' title='bbox 975 4180 1185 4253; x_wconf 64' lang='lat' dir='ltr'><strong>intelligentiore</strong></span> <span class='ocrx_word' id='word_1_290' title='bbox 1202 4179 1316 4231; x_wconf 67' lang='lat' dir='ltr'><strong>meltum</strong></span> <span class='ocrx_word' id='word_1_291' title='bbox 1335 4179 1414 4249; x_wconf 74' lang='lat' dir='ltr'><strong>effert</strong></span> <span class='ocrx_word' id='word_1_292' title='bbox 1430 4180 1582 4253; x_wconf 74' lang='lat' dir='ltr'><strong>iepeatilrarc</strong></span> <span class='ocrx_word' id='word_1_293' title='bbox 1604 4179 1746 4238; x_wconf 67' lang='lat' dir='ltr'><strong>coementi,</strong></span> <span class='ocrx_word' id='word_1_294' title='bbox 1772 4179 1799 4229; x_wconf 84' lang='lat' dir='ltr'><strong>ci</strong></span> <span class='ocrx_word' id='word_1_295' title='bbox 1813 4175 1933 4228; x_wconf 68' lang='lat' dir='ltr'><strong>studiosa</strong></span> 
     </span>
     <span class='ocr_line' id='line_1_25' title="bbox 231 4274 1933 4347; baseline 0 -21"><span class='ocrx_word' id='word_1_296' title='bbox 231 4274 302 4327; x_wconf 81' lang='lat' dir='ltr'><strong>desit</strong></span> <span class='ocrx_word' id='word_1_297' title='bbox 324 4284 350 4326; x_wconf 85' lang='lat' dir='ltr'><strong>et</strong></span> <span class='ocrx_word' id='word_1_298' title='bbox 374 4275 502 4329; x_wconf 76' lang='lat' dir='ltr'><strong>eruditio.</strong></span> <span class='ocrx_word' id='word_1_299' title='bbox 546 4279 601 4330; x_wconf 84' lang='lat' dir='ltr'><strong>Sed</strong></span> <span class='ocrx_word' id='word_1_300' title='bbox 619 4279 652 4329; x_wconf 81' lang='lat' dir='ltr'><strong>ie</strong></span> <span class='ocrx_word' id='word_1_301' title='bbox 671 4277 713 4329; x_wconf 83' lang='lat' dir='ltr'><strong>hie</strong></span> <span class='ocrx_word' id='word_1_302' title='bbox 730 4277 855 4346; x_wconf 86' lang='lat' dir='ltr'><strong>pluribus</strong></span> <span class='ocrx_word' id='word_1_303' title='bbox 878 4280 994 4331; x_wconf 76' lang='lat' dir='ltr'><strong>isterius</strong></span> <span class='ocrx_word' id='word_1_304' title='bbox 1012 4285 1122 4346; x_wconf 70' lang='lat' dir='ltr'><strong>opetum</strong></span> <span class='ocrx_word' id='word_1_305' title='bbox 1148 4276 1290 4330; x_wconf 70' lang='lat' dir='ltr'><strong>rethorum</strong></span> <span class='ocrx_word' id='word_1_306' title='bbox 1309 4285 1397 4329; x_wconf 80' lang='lat' dir='ltr'><strong>auteur</strong></span> <span class='ocrx_word' id='word_1_307' title='bbox 1415 4277 1684 4346; x_wconf 76' lang='lat' dir='ltr'><strong>interpretationem,</strong></span> <span class='ocrx_word' id='word_1_308' title='bbox 1713 4294 1767 4347; x_wconf 82' lang='lat' dir='ltr'><strong>quo</strong></span> <span class='ocrx_word' id='word_1_309' title='bbox 1785 4276 1886 4327; x_wconf 80' lang='lat' dir='ltr'><strong>aeetias</strong></span> <span class='ocrx_word' id='word_1_310' title='bbox 1905 4292 1933 4327; x_wconf 83' lang='lat' dir='ltr'><strong>ee</strong></span> 
     </span>
     <span class='ocr_line' id='line_1_26' title="bbox 231 4373 1933 4445; baseline 0.001 -21"><span class='ocrx_word' id='word_1_311' title='bbox 231 4375 265 4425; x_wconf 83' lang='lat' dir='ltr'><strong>ad</strong></span> <span class='ocrx_word' id='word_1_312' title='bbox 285 4375 421 4444; x_wconf 77' lang='lat' dir='ltr'><strong>exemplar</strong></span> <span class='ocrx_word' id='word_1_313' title='bbox 439 4391 517 4426; x_wconf 84' lang='lat' dir='ltr'><strong>suum</strong></span> <span class='ocrx_word' id='word_1_314' title='bbox 536 4377 671 4445; x_wconf 80' lang='lat' dir='ltr'><strong>applicet.</strong></span> <span class='ocrx_word' id='word_1_315' title='bbox 689 4392 722 4428; x_wconf 92' lang='lat' dir='ltr'><strong>eo</strong></span> <span class='ocrx_word' id='word_1_316' title='bbox 739 4377 825 4444; x_wconf 75' lang='lat' dir='ltr'><strong>magis</strong></span> <span class='ocrx_word' id='word_1_317' title='bbox 843 4376 980 4428; x_wconf 74' lang='lat' dir='ltr'><strong>interdum</strong></span> <span class='ocrx_word' id='word_1_318' title='bbox 998 4376 1140 4445; x_wconf 80' lang='lat' dir='ltr'><strong>scriptoris</strong></span> <span class='ocrx_word' id='word_1_319' title='bbox 1158 4375 1283 4428; x_wconf 79' lang='lat' dir='ltr'><strong>tenebras</strong></span> <span class='ocrx_word' id='word_1_320' title='bbox 1301 4392 1417 4444; x_wconf 70' lang='lat' dir='ltr'><strong>augere,</strong></span> <span class='ocrx_word' id='word_1_321' title='bbox 1436 4382 1529 4427; x_wconf 80' lang='lat' dir='ltr'><strong>nostre</strong></span> <span class='ocrx_word' id='word_1_322' title='bbox 1547 4393 1655 4445; x_wconf 75' lang='lat' dir='ltr'><strong>quoque</strong></span> <span class='ocrx_word' id='word_1_323' title='bbox 1674 4382 1762 4427; x_wconf 78' lang='lat' dir='ltr'><strong>aetate</strong></span> <span class='ocrx_word' id='word_1_324' title='bbox 1780 4373 1933 4442; x_wconf 62' lang='lat' dir='ltr'><strong>insignibus</strong></span> 
     </span>
     <span class='ocr_line' id='line_1_27' title="bbox 230 4473 655 4542; baseline 0.012 -20"><span class='ocrx_word' id='word_1_325' title='bbox 230 4473 396 4524; x_wconf 79' lang='lat' dir='ltr'><strong>documentis</strong></span> <span class='ocrx_word' id='word_1_326' title='bbox 415 4481 585 4542; x_wconf 80' lang='lat' dir='ltr'><strong>compertum</strong></span> <span class='ocrx_word' id='word_1_327' title='bbox 604 4483 655 4528; x_wconf 84' lang='lat' dir='ltr'><strong>eet.</strong></span> 
     </span>
    </p>

    <p class='ocr_par' dir='ltr' id='par_1_3' title="bbox 299 4569 1436 4641">
     <span class='ocr_line' id='line_1_28' title="bbox 299 4569 1436 4641; baseline 0 -19"><span class='ocrx_word' id='word_1_328' title='bbox 299 4570 327 4634; x_wconf 81' lang='lat'><strong>2)</strong></span> <span class='ocrx_word' id='word_1_329' title='bbox 346 4571 376 4620; x_wconf 79' lang='lat' dir='ltr'><strong>iu</strong></span> <span class='ocrx_word' id='word_1_330' title='bbox 397 4573 550 4625; x_wconf 82' lang='lat' dir='ltr'><strong>norissima</strong></span> <span class='ocrx_word' id='word_1_331' title='bbox 569 4573 672 4625; x_wconf 78' lang='lat' dir='ltr'><strong>Timaei</strong></span> <span class='ocrx_word' id='word_1_332' title='bbox 691 4573 827 4632; x_wconf 85' lang='lat' dir='ltr'><strong>editione,</strong></span> <span class='ocrx_word' id='word_1_333' title='bbox 847 4569 951 4622; x_wconf 81' lang='lat' dir='ltr'><strong>Gothee</strong></span> <span class='ocrx_word' id='word_1_334' title='bbox 971 4578 999 4622; x_wconf 88' lang='lat' dir='ltr'><strong>et</strong></span> <span class='ocrx_word' id='word_1_335' title='bbox 1018 4572 1160 4623; x_wconf 83' lang='lat' dir='ltr'><strong>Eriorcliec</strong></span> <span class='ocrx_word' id='word_1_336' title='bbox 1181 4569 1259 4622; x_wconf 77' lang='grc'><strong>1838.</strong></span> <span class='ocrx_word' id='word_1_337' title='bbox 1279 4570 1307 4633; x_wconf 86' lang='grc'><strong>8,</strong></span> <span class='ocrx_word' id='word_1_338' title='bbox 1330 4589 1357 4641; x_wconf 90' lang='lat' dir='ltr'><strong>p.</strong></span> <span class='ocrx_word' id='word_1_339' title='bbox 1377 4569 1436 4622; x_wconf 86' lang='grc'><strong>1111.</strong></span> 
     </span>
    </p>

    <p class='ocr_par' dir='ltr' id='par_1_4' title="bbox 294 4663 1879 4737">
     <span class='ocr_line' id='line_1_29' title="bbox 294 4663 1879 4737; baseline -0.001 -22"><span class='ocrx_word' id='word_1_340' title='bbox 294 4667 320 4732; x_wconf 84' lang='grc'><strong>3)</strong></span> <span class='ocrx_word' id='word_1_341' title='bbox 336 4669 452 4730; x_wconf 69' lang='lat' dir='ltr'><strong>Pictoris</strong></span> <span class='ocrx_word' id='word_1_342' title='bbox 474 4673 608 4725; x_wconf 80' lang='lat' dir='ltr'><strong>Timaeus</strong></span> <span class='ocrx_word' id='word_1_343' title='bbox 627 4673 682 4724; x_wconf 86' lang='lat' dir='ltr'><strong>und</strong></span> <span class='ocrx_word' id='word_1_344' title='bbox 700 4671 818 4735; x_wconf 73' lang='lat' dir='ltr'><strong>titilius,</strong></span> <span class='ocrx_word' id='word_1_345' title='bbox 836 4669 961 4722; x_wconf 81' lang='lat' dir='ltr'><strong>irbereezt</strong></span> <span class='ocrx_word' id='word_1_346' title='bbox 979 4686 1032 4721; x_wconf 78' lang='lat' dir='ltr'><strong>ron</strong></span> <span class='ocrx_word' id='word_1_347' title='bbox 1053 4669 1191 4722; x_wconf 80' lang='lat' dir='ltr'><strong>Friedrich</strong></span> <span class='ocrx_word' id='word_1_348' title='bbox 1209 4667 1340 4724; x_wconf 86' lang='lat' dir='ltr'><strong>Wilhclru</strong></span> <span class='ocrx_word' id='word_1_349' title='bbox 1358 4669 1491 4737; x_wconf 61' lang='lat' dir='ltr'><strong>Wagner,</strong></span> <span class='ocrx_word' id='word_1_350' title='bbox 1511 4668 1621 4720; x_wconf 78' lang='lat' dir='ltr'><strong>tiresian</strong></span> <span class='ocrx_word' id='word_1_351' title='bbox 1644 4664 1720 4718; x_wconf 80' lang='grc'><strong>1811.</strong></span> <span class='ocrx_word' id='word_1_352' title='bbox 1743 4663 1771 4726; x_wconf 80' lang='grc'><strong>8,</strong></span> <span class='ocrx_word' id='word_1_353' title='bbox 1791 4683 1819 4735; x_wconf 84' lang='lat' dir='ltr'><strong>p.</strong></span> <span class='ocrx_word' id='word_1_354' title='bbox 1834 4664 1879 4716; x_wconf 75' lang='lat'><strong>20.</strong></span> 
     </span>
    </p>
   </div>
   <div class='ocr_carea' id='block_1_3' title="bbox 1525 4753 1545 4826">
    <p class='ocr_par' dir='ltr' id='par_1_5' title="bbox 1525 4753 1545 4826">
     <span class='ocr_line' id='line_1_30' title="bbox 1525 4753 1545 4826; baseline 0 0"><span class='ocrx_word' id='word_1_355' title='bbox 1525 4753 1545 4826; x_wconf 91' lang='grc'><strong>1</strong></span> 
     </span>
    </p>
   </div>
   <div class='ocr_carea' id='block_1_4' title="bbox 0 0 2184 5482">
    <p class='ocr_par' dir='ltr' id='par_1_6' title="bbox 0 0 2184 5482">
     <span class='ocr_line' id='line_1_31' title="bbox 0 0 2184 5482; baseline 0 1"><span class='ocrx_word' id='word_1_356' title='bbox 0 0 2184 5482; x_wconf 95' lang='lat' dir='ltr'><strong> </strong></span> 
     </span>
    </p>
   </div>
  </div>
 </body>
</html>
