4358 5482
210 417 325 512 aptis,
365 438 430 486 nee
462 415 605 485 uerbum
639 437 705 511 pro
734 415 840 484 uerbo
864 437 1003 486 successe
1030 411 1156 486 babuit
1179 414 1349 504 reddere,
1383 416 1448 487 sed
1471 440 1581 515 penus
1609 416 1763 487 omniurn
1789 417 1915 489 uerbo-

209 571 288 622 rnsu
320 544 458 643 uiasque
486 544 659 632 sanavit,
696 552 734 612 ut
756 565 795 613 se
821 567 863 614 ea
892 542 1103 638 appendisse
1128 542 1237 639 magis
1263 565 1367 638 quam
1393 567 1641 618 annumerasse
1668 543 1795 618 lectori
1817 570 1916 642 prae·

212 671 366 766 dicaret,
396 673 533 744 Timaei
558 680 672 740 autem
696 667 860 766 pleraque
884 666 989 740 verba
1011 667 1158 742 fideliter
1182 671 1366 768 expressit,
1394 671 1583 768 paucisque
1609 683 1742 744 tantum
1766 675 1802 744 in
1828 672 1917 746 locis

211 813 270 873 aut
302 802 417 873 omisit
447 796 614 872 nonnulla
646 807 706 867 aut
735 796 783 868 itu
816 800 1052 895 transposuit,
1089 809 1128 870 nt
1153 798 1420 873 constructionis
1450 800 1539 871 ratio
1565 801 1707 896 propius
1732 798 1778 872 ad
1798 799 1917 873 Latini

211 930 379 1003 sermonis
404 925 555 998 indolem
577 923 778 1016 accederet,
816 924 1039 1021 paucioribus
1062 929 1164 1000 etiam
1186 924 1318 1024 aliquid
1344 923 1388 998 de
1413 950 1477 998 suo
1502 924 1651 1025 adjecit,
1685 937 1795 1000 totum
1821 926 1918 1002 deni·

210 1083 279 1156 que
304 1057 478 1154 negotium
504 1054 552 1124 ita
578 1051 852 1145 administravit,
880 1064 919 1126 ut
942 1053 997 1126 sel
1023 1057 1132 1156 magis
1159 1055 1327 1128 Latinum
1351 1078 1544 1127 sermonem
1571 1053 1616 1127 ad
1642 1052 1770 1128 Graeci
1798 1057 1918 1129 simili·

211 1184 365 1258 tudinem
402 1181 586 1254 detorsisse
624 1206 729 1279 quam
765 1178 892 1254 Gracci
927 1183 1107 1281 scriptoris
1144 1184 1331 1257 sententias
1366 1179 1412 1253 ad
1447 1181 1596 1279 patriam
1635 1183 1918 1257 consuetudinem

211 1312 430 1387 transtulisse
456 1309 624 1382 videatur.
679 1307 776 1401 Quid
801 1309 896 1405 quod
921 1310 977 1382 vel
1008 1313 1107 1411 plura
1131 1309 1301 1384 vocabula
1327 1310 1363 1381 in
1389 1311 1511 1407 paucis
1535 1308 1590 1382 bis
1615 1313 1751 1409 paginis
1773 1337 1918 1385 novasse

213 1437 502 1538 deprehenditur,
543 1463 647 1536 quam
682 1440 720 1508 in
756 1435 832 1507 aliis
862 1439 971 1534 ipsius
1006 1439 1104 1512 libris
1138 1440 1281 1538 integris
1315 1428 1431 1536 ἅπαξ
1454 1433 1651 1535 λεγόμενα
1686 1440 1916 1533 exstant19);

212 1569 306 1667 quod
340 1569 403 1640 etsi
438 1591 507 1640 non
543 1566 590 1636 ita
625 1575 860 1660 comparatum
895 1577 968 1656 est,
1007 1580 1047 1640 ut
1079 1570 1116 1639 in
1150 1578 1248 1640 tanto
1282 1565 1414 1639 ditandi
1445 1568 1549 1665 patrii
1583 1569 1752 1641 sermonis
1786 1567 1916 1660 studio,

212 1709 380 1795 quantum
405 1693 531 1768 Cicero
556 1691 685 1789 ubique
705 1716 787 1788 prae
813 1715 851 1762 se
877 1692 946 1765 iert
966 1693 1035 1795 ²⁰),
1063 1697 1287 1769 offensionem
1313 1720 1431 1769 creare
1454 1708 1516 1767 aut
1537 1696 1648 1793 ipsam
1671 1694 1779 1768 libelli
1800 1708 1919 1769 aucto·

213 1826 347 1897 ritatem
369 1826 405 1895 in
427 1819 675 1893 dubitationem
701 1842 824 1891 vocare
850 1823 973 1918 possit,
1002 1847 1091 1921 quae
1111 1823 1388 1921 locupletissimis
1414 1835 1567 1896 veterum
1594 1825 1799 1898 testimoniis
1822 1835 1918 1898 extra

213 1950 398 2024 discrimen
432 1949 542 2047 posits
575 1956 629 2019 est
647 1944 722 2046 21),
767 1944 835 2019 boc
869 1960 980 2021 nmen
1016 1949 1110 2023 clarc
1142 1949 1313 2043 ostendit,
1351 1950 1462 2023 multo
1495 1952 1607 2050 magis
1640 1977 1679 2025 se
1713 1951 1919 2026 Ciceronem

213 2076 371 2177 exemplo
396 2102 461 2149 suo
485 2074 681 2166 addixisse,
708 2100 812 2172 quam
838 2077 874 2147 in
896 2076 1108 2151 orationibus
1133 2077 1202 2150 illis
1224 2078 1356 2149 sactum
1382 2103 1460 2152 esse
1485 2104 1528 2151 ex
1552 2080 1661 2176 ipsius
1683 2077 1798 2152 verbis
1821 2079 1919 2153 colli·

213 2210 341 2308 pimus.
402 2204 497 2276 lllud
528 2214 659 2274 tantum
685 2202 1026 2279 animadvertendum
1050 2217 1125 2298 est,
1164 2216 1269 2304 atque
1296 2207 1332 2276 in
1366 2230 1408 2278 co
1433 2209 1535 2279 ctiam
1561 2232 1581 2279 a
1607 2205 1817 2304 juvenilibus
1847 2207 1919 2280 illis

215 2334 534 2431 interpretationum
565 2328 804 2403 conaminibus
836 2333 1017 2430 insigniter
1048 2331 1212 2425 discedit,
1248 2333 1343 2431 quod
1370 2337 1509 2408 nonita
1536 2360 1574 2408 se
1602 2337 1639 2406 in
1664 2333 1919 2432 interpretando

213 2465 340 2563 gessit,
369 2473 406 2534 ut
431 2463 522 2557 ipsas
549 2483 714 2556 personas
740 2456 963 2550 Platonicos,
988 2461 1108 2556 quales
1129 2463 1166 2533 in
1191 2462 1337 2534 Timaeo
1360 2463 1450 2535 inter
1471 2488 1509 2535 sc
1532 2460 1819 2556 confabulantur,
1845 2487 1918 2535 ser·

215 2616 316 2664 mone
345 2601 477 2661 tontum
512 2614 576 2687 pro
602 2585 748 2661 Graecis
777 2586 904 2662 Latino
933 2585 1121 2663 substituto
1155 2587 1384 2691 produceret,
1422 2589 1484 2663 scd
1516 2592 1675 2689 quamvis
1709 2601 1845 2664 servata
1872 2614 1917 2682 ¹ca

287 2897 333 2965 19)
352 2899 465 2949 Prorsus
483 2898 594 2949 unicam
614 2904 672 2959 cst,
699 2897 773 2968 qaod
791 2911 818 2948 c.
836 2893 853 2947 2
873 2903 1044 2966 eorporatusn
1061 2895 1147 2957 dicit,
1173 2896 1221 2965 qul
1241 2895 1349 2948 Platoni
1374 2903 1415 2949 est
1437 2901 1512 2957 σῶμα
1534 2895 1612 2963 ipos,
1638 2895 1758 2966 itemque
1783 2912 1808 2948 c.
1829 2896 1847 2948 l
1870 2895 1921 2947 ad·

215 2996 383 3068 spectabile,
404 2997 477 3065 quod
495 2992 686 3068 buicipuss's,
703 3014 753 3049 nec
774 2995 918 3047 tractabile
938 3011 988 3063 pro
1007 2989 1082 3064 sinapi
1100 3012 1132 3046 ex
1150 3012 1202 3046 usu
1219 2997 1306 3064 magis
1325 3013 1405 3065 quam
1422 2994 1548 3062 analogia
1566 2993 1699 3046 semonia
1718 2995 1827 3045 ductura
1846 2994 1920 3046 disc·

215 3096 282 3154 riusa
310 3101 450 3162 praeterea
472 3096 595 3162 quamvis
617 3095 782 3147 molitionem
802 3097 834 3143 ut
857 3110 882 3144 c.
899 3092 915 3144 3
935 3095 1015 3145 etiam
1033 3094 1096 3145 ltus.
1116 3094 1199 3145 Deos.
1220 3093 1243 3145 1.
1264 3092 1280 3143 8
1299 3093 1360 3145 sti
1388 3093 1543 3162 conmorit,
1571 3092 1721 3144 molitorem
1744 3099 1834 3143 tanea
1858 3108 1884 3144 c.
1904 3091 1920 3141 5

218 3209 328 3262 prorsus
347 3209 415 3243 nore
433 3192 533 3244 dixisse
552 3192 669 3245 ridetur.
706 3191 884 3244 ddedietatusn
909 3191 1042 3243 vocabalo
1067 3209 1116 3260 pro
1140 3187 1262 3261 psoiepns
1286 3209 1312 3243 c.
1332 3190 1348 3241 7
1373 3190 1416 3240 rix
1436 3191 1494 3259 ipse
1514 3190 1553 3240 uti
1573 3205 1654 3239 ausus
1673 3196 1730 3251 ests
1758 3204 1812 3240 non
1831 3189 1921 3240 minus

220 3296 308 3340 tasaen
329 3290 439 3340 insolite
458 3306 483 3340 c.
505 3288 536 3339 ll
557 3285 642 3341 iidemu
662 3289 783 3340 Platonis
801 3289 1007 3340 indissolubilia
1023 3290 1158 3350 reddidit,
1178 3306 1229 3341 nec
1250 3291 1395 3362 unipanom
1413 3303 1438 3338 c.
1459 3287 1476 3336 l
1495 3303 1527 3338 ex
1544 3286 1620 3354 vulpi
1638 3287 1834 3339 consuetudine
1852 3287 1920 3355 peti·

219 3394 275 3440 tora
296 3389 388 3457 potius
407 3405 486 3458 quam
505 3387 540 3436 ad
559 3386 764 3438 similitudinem
783 3386 881 3438 Graeci
897 3381 1034 3456 peropimis
1051 3387 1168 3440 effictum
1189 3389 1251 3439 crit.
1289 3387 1370 3439 blltto
1388 3387 1604 3446 uniuersitatem,
1622 3385 1827 3455 fabrieotorern,
1848 3382 1922 3434 sedi·

215 3486 371 3556 finctorem,
398 3492 612 3556 procreatorem,
640 3483 798 3546 diuiduum,
828 3502 897 3554 qaae
922 3485 988 3537 licet
1012 3490 1040 3537 et
1062 3486 1121 3554 ipsa
1140 3485 1174 3535 ab
1193 3485 1243 3536 illo
1262 3485 1378 3554 primun
1397 3501 1461 3536 cusa
1479 3499 1538 3535 esse
1561 3484 1705 3544 ridentur,
1730 3489 1821 3534 umen
1839 3482 1922 3533 etiam

219 3583 287 3637 alibi
304 3583 395 3653 posita
413 3582 605 3642 inveniuntur;
636 3580 784 3655 defrustrix
808 3588 897 3634 umen
916 3583 997 3635 etiam
1017 3583 1156 3635 Prisciano
1179 3582 1212 3633 ’1.
1233 3582 1272 3645 ll,
1295 3600 1324 3652 p.
1344 3580 1397 3633 282
1423 3583 1465 3633 cd.
1488 3580 1580 3632 lircbl.
1608 3583 1762 3633 annotanda
1786 3579 1844 3630 risa
1869 3588 1921 3641 est,

218 3698 268 3734 nec
287 3681 470 3734 revocationes
486 3679 652 3731 solstitiales.
663 3689 690 3731 et
707 3681 841 3733 brumales
858 3698 884 3733 c.
905 3679 921 3731 li
943 3682 1064 3750 quamvis
1087 3679 1178 3732 felicis
1196 3681 1324 3732 audaciae
1344 3680 1425 3748 calpa
1444 3695 1540 3730 vacare
1558 3678 1685 3730 arbitror.

287 3778 333 3844 20)
352 3779 393 3829 De
413 3776 503 3828 Finib.
524 3776 576 3828 lll.
591 3776 624 3830 22
645 3777 719 3848 quod
735 3779 761 3828 st
778 3780 808 3830 in
825 3798 857 3830 ess
877 3779 985 3851 ltnpua,
1004 3797 1085 3851 qnam
1100 3777 1225 3849 plerique
1243 3778 1392 3828 uberiorem
1406 3784 1518 3848 putant,
1539 3794 1689 3829 soueemnm
1707 3783 1755 3835 est,
1776 3783 1807 3826 nt
1825 3775 1922 3829 doetis-

217 3878 281 3929 simi
297 3875 416 3928 bomiscos
438 3874 471 3926 sle
489 3877 569 3928 rebus
587 3894 641 3927 non
656 3876 815 3948 persepolis
833 3878 971 3928 inusitatis
988 3876 1077 3928 uerbis
1095 3883 1249 3935 uterentur,
1277 3884 1379 3945 quanto
1404 3873 1435 3925 id
1453 3874 1531 3926 nobis
1548 3876 1635 3946 mnpis
1658 3883 1698 3926 est
1716 3873 1922 3935 eoncedendum,

219 3976 270 4046 spui
286 3992 318 4024 ess
337 3991 409 4025 nune
424 3975 543 4043 primurn
561 3971 693 4024 nndmns
709 3975 865 4044 sttinperel
900 3971 1127 4034 cs.neao.1.⁷;
1145 3974 1211 4024 ite·
1229 3973 1264 4024 de
1282 3973 1344 4024 Nat.
1365 3974 1446 4024 Deos.
1466 3972 1490 4024 l.
1510 3972 1542 4023 le
1563 3979 1668 4024 tautam
1687 3972 1833 4043 profecisse
1849 3972 1922 4024 uide·

218 4090 297 4131 mur,
317 4080 348 4122 nt
365 4088 382 4121 a
402 4069 514 4123 Graecis
530 4089 564 4123 ne
580 4071 721 4124 uerborum
736 4071 844 4143 quidem
863 4073 941 4142 eopia
960 4073 1138 4132 ammanus,
1158 4078 1185 4123 et
1203 4073 1276 4142 quod
1293 4071 1344 4123 sub
1363 4071 1454 4122 Crassi
1472 4087 1588 4141 persona
1610 4070 1644 4121 sle
1663 4069 1742 4122 Orat.
1761 4071 1785 4123 1.
1805 4068 1839 4122 bl
1857 4071 1923 4140 ipsis

218 4169 489 4240 interpretationibus
508 4185 536 4220 se
555 4175 707 4221 assecutum
726 4185 784 4221 esse
799 4168 907 4239 jactat,
935 4176 966 4223 at
987 4188 1042 4223 non
1066 4171 1153 4221 solum
1178 4171 1287 4241 optimis
1310 4170 1399 4221 uerbis
1422 4177 1542 4221 uteretur
1565 4174 1591 4218 et
1614 4175 1703 4221 taasen
1725 4171 1851 4228 usitatis,
1877 4165 1925 4218 sed

221 4270 300 4322 etism
319 4269 479 4339 exprimeret
496 4265 630 4337 quaedam
648 4267 731 4319 uerba
748 4268 898 4330 imitando,
917 4287 988 4341 qnae
1003 4286 1075 4321 nass
1092 4268 1223 4320 Romanis
1240 4278 1342 4330 essent,
1361 4267 1503 4320 dnmmodo
1522 4274 1609 4317 essent
1626 4265 1741 4328 idoneas
1760 4267 1829 4317 adde
1847 4264 1921 4316 Plat.

218 4367 253 4419 V.
274 4366 333 4418 Cic.
353 4383 378 4418 c.
398 4363 444 4415 to.

291 4464 339 4531 21)
359 4463 416 4517 llac
436 4465 517 4516 dere
534 4462 594 4531 jam
613 4463 749 4515 Corradus
767 4465 796 4515 in
815 4465 966 4529 Quaestura
987 4481 1016 4532 p.
1036 4462 1104 4515 2⁶82
1129 4463 1204 4524 uidi,
1224 4465 1332 4534 inquit,
1351 4466 1401 4537 qui
1417 4463 1589 4522 dubitarent,
1607 4481 1646 4514 an
1665 4460 1739 4514 illari
1756 4476 1824 4531 opus
1839 4458 1928 4528 fuerit

220 4580 238 4613 a
259 4559 390 4614 Cicerone
420 4579 592 4622 conuersum,
619 4570 650 4614 at
667 4563 775 4615 Nanins
791 4562 941 4613 ddareellus
967 4569 993 4611 et
1015 4562 1096 4612 ceteri
1117 4564 1288 4632 prammotiei
1309 4572 1408 4615 ueteres
1437 4579 1492 4614 non
1516 4561 1692 4618 dubitarunt,
1718 4560 1768 4629 spui
1788 4558 1924 4611 Timaeum

222 4661 362 4714 Ciceronis
380 4661 540 4732 appellant,-
565 4680 613 4715 nee
630 4660 710 4713 dions
726 4662 900 4732 Aupustinns
920 4659 1078 4723 dubitauit,
1099 4663 1149 4733 pssi
1165 4662 1265 4715 multos
1283 4662 1365 4714 etiam
1381 4678 1472 4714 sersus
1489 4659 1552 4712 inde
1570 4657 1720 4727 descripsit.
