4358 5482
233 362 291 438 sel
315 356 403 436 illnd
428 356 633 458 scrupulum
655 353 799 456 injicere
821 352 992 449 debebd,
1030 351 1126 454 quod
1150 353 1189 427 in
1219 350 1360 454 vulgata
1387 350 1539 428 lectione
1564 353 1701 449 σημεῖον
1730 358 1808 435 τῶν
1821 356 1941 455 'pera

233 496 365 573 ταῦτα
395 484 651 586 γενησομένων
681 487 758 565 τοῖς
784 472 996 581 δυναμένοις
1026 478 1260 583 λογίζεσθαι
1287 479 1477 580 πέμπουσι
1502 479 1720 580 mtroloqiea'
1740 484 1942 583 superstitio

232 612 516 706 commendatur,
544 612 648 712 cujus
678 632 746 684 neo
769 610 864 708 apud
889 611 1103 708 antiquiores
1131 606 1359 708 plrilosoplaos
1390 633 1456 683 nec
1484 607 1580 708 apud
1612 611 1728 707 ipsum
1753 611 1942 691 Platonem

231 746 342 819 ullum
366 755 542 843 praeterea
565 739 750 838 vestigium
778 749 890 812 exstat
910 736 1008 838 ¹¹⁷);
1044 737 1156 813 malm
1178 762 1262 811 vero
1287 738 1391 811 etiam
1417 734 1534 808 miuus
1562 734 1617 827 ei,
1653 738 1716 835 qoi
1740 741 1833 815 norit
1852 738 1941 841 μά

231 875 279 948 sit
301 867 535 969 λογίζεσθαι
567 865 659 966 apud
686 867 890 959 Platonem,
924 863 1105 965 probabile
1136 863 1331 958 ridebitur,
1363 866 1442 946 sois
1469 857 1701 962 λογίζεσθαι
1726 856 1941 966 duracinis

232 1025 298 1100 per
322 998 538 1097 planetarum
566 996 800 1092 apparitiones
826 989 987 1098 φόβους,
1016 1004 1128 1067 metris
1150 991 1271 1092 iojiei',
1306 1016 1396 1091 quos
1420 989 1548 1090 depelli
1571 992 1689 1090 potius
1713 1018 1778 1093 per
1799 996 1939 1074 ration·-

230 1126 340 1203 nandi
363 1124 563 1199 facultatem
585 1132 858 1197 cousentaneum
881 1123 948 1213 sit,
977 1131 1183 1219 tantumque
1202 1118 1301 1194 abest
1320 1130 1363 1194 ut
1384 1118 1445 1194 illa
1466 1115 1669 1219 plebaculae
1692 1123 1873 1222 opiniones
1893 1124 1940 1203 da

231 1255 337 1330 rebus
367 1250 573 1327 caelestibus
599 1248 849 1348 amplectatur,
887 1259 927 1322 ut
954 1245 1021 1322 lrac
1045 1249 1223 1348 inponis,
1247 1246 1292 1322 de
1316 1272 1423 1321 causa
1447 1249 1677 1323 astronomiae
1702 1250 1817 1324 studia
1841 1276 1939 1353 quar·

232 1381 384 1475 mendet,
413 1405 458 1454 ne
478 1377 621 1479 indigne
641 1376 686 1451 de
708 1377 775 1450 diis
797 1376 977 1466 sentiatur,
999 1397 1089 1474 quos
1112 1377 1217 1451 certis
1235 1386 1369 1449 motum
1392 1373 1528 1477 legibus
1549 1379 1681 1451 moveri
1703 1376 1758 1452 ias
1778 1379 1937 1483 sit¹¹⁸J3

231 1535 322 1611 quae
346 1533 454 1608 quum
479 1510 526 1579 itu
547 1506 631 1596 siut,
658 1503 744 1576 milri
768 1501 908 1601 quidem
935 1498 1079 1575 dubium
1102 1530 1173 1579 non
1196 1516 1263 1596 est,
1290 1506 1376 1602 quin
1399 1528 1481 1577 vera
1507 1502 1704 1604 philosophi
1730 1530 1829 1582 meus
1848 1506 1940 1585 hasa

232 1639 360 1731 luerit,
395 1660 500 1734 φοοω
530 1631 656 1706 Cicero
684 1628 943 1729 interpretando
974 1632 1164 1730 expressits
1204 1656 1394 1733 rursusque
1418 1634 1546 1706 emersi
1568 1644 1739 1707 terrorem
1765 1637 1940 1715 bream

231 1756 439 1839 rationis
474 1760 765 1857 expertibus,
810 1769 918 1858 utque
948 1760 1052 1859 siqua
1084 1784 1204 1834 rerum
1231 1760 1435 1861 {ithamar
1469 1758 1514 1833 alt
1551 1759 1620 1834 hoc
1657 1764 1788 1836 omissa
1820 1766 1938 1864 potius

231 1917 337 1993 qoam
363 1886 457 1989 apud
482 1887 666 1961 Platonem
698 1887 872 1986 posterius
895 1887 1100 1986 interpolata
1125 1889 1215 1982 siut,
1253 1889 1470 1986 negationem
1495 1898 1577 1961 sote
1601 1878 1813 1987 δυναμένοις
1835 1891 1938 1994 aja·

231 2017 389 2096 nioribus
413 2015 551 2090 demum
577 2015 772 2089 Platonicis
802 2012 973 2087 sublatam
1001 2012 1173 2107 sobitum,
1205 2017 1268 2113 qui
1300 2011 1512 2089 Chaldaicos
1542 2014 1745 2116 discipliuae
1776 2018 1938 2120 majesta.

231 2163 300 2225 teor
336 2173 417 2222 cum
447 2144 687 2242 magistriani
720 2143 922 2217 auctoritate
952 2166 1110 2243 pugnare
1137 2140 1284 2215 nollent.
1346 2142 1534 2218 Difficilius
1566 2168 1674 2218 musa
1709 2157 1763 2222 est
1796 2146 1937 2224 alterius

232 2277 333 2370 loci,
352 2274 414 2347 obi
438 2272 598 2370 negativa
622 2270 834 2343 constmotlo
857 2272 949 2366 ἐμοῦ
970 2298 1019 2364 γε
1043 2267 1096 2367 μοὶ
1116 2266 1307 2351 θέλοντος
1326 2270 1439 2366 primo
1462 2283 1606 2371 sepedo
1627 2276 1838 2349 corbariam
1860 2276 1937 2351 elli·

234 2428 313 2479 cere
341 2398 497 2492 ridetur,
529 2407 569 2469 ut
591 2397 701 2470 inrito
725 2396 791 2472 deo
817 2396 969 2469 mundus
990 2397 1220 2471 indissolutus
1245 2410 1401 2490 maneat,
1433 2422 1500 2472 nec
1522 2397 1703 2475 Ciceronis
1728 2405 1840 2478 oratio
1863 2414 1936 2479 tam

233 2536 367 2633 integra
393 2535 530 2602 serrato
559 2534 636 2616 est,
674 2535 715 2596 ut
740 2523 915 2622 quomodo
943 2526 1183 2600 antecedentia
1212 2515 1308 2605 eidi
1327 2529 1419 2622 ἐμοῦ
1448 2521 1632 2624 γονὸμονοο
1662 2521 1799 2612 ἄλυτον
1829 2533 1937 2605 iuter·

232 2671 388 2762 pretatus
417 2659 464 2729 sit
494 2678 559 2753 pro
587 2663 682 2726 certo
707 2662 862 2748 constet,
898 2665 1048 2727 auamen
1074 2653 1112 2728 id
1139 2652 1280 2752 dequo
1308 2676 1402 2725 nunc
1426 2653 1574 2728 maxime
1594 2656 1710 2754 agitur
1730 2668 1810 2749 psa
1824 2659 1937 2733 inuito

232 2791 387 2865 omnium
411 2782 579 2858 librorum
607 2804 800 2854 consensus
823 2789 953 2873 tuetur,
980 2781 1142 2878 idemque
1164 2780 1201 2853 io
1225 2781 1369 2853 vetustis
1392 2779 1647 2880 exemplaribus
1666 2781 1812 2859 Graecis
1829 2785 1938 2861 luisse

232 2911 461 3016 antiquissimi
492 2920 598 2983 testes
631 2906 898 3008 Eusebius119)
930 2920 965 2983 et
997 2905 1243 3007 Athenagoras
1260 2906 1334 3008 111)
1363 2910 1412 2981 ita
1440 2907 1688 3007 comprobant,
1728 2922 1768 2985 ut
1799 2914 1831 2986 si
1865 2912 1938 2989 ullo

233 3042 338 3117 modo
362 3040 448 3114 ferri
473 3037 595 3135 possit,
624 3034 699 3133 ipsu
723 3033 928 3110 difficultate
953 3034 1187 3110 commendari
1212 3037 1324 3136 magis
1351 3060 1457 3134 vam
1481 3034 1610 3110 elevari
1633 3035 1802 3112 rideatur.
1855 3042 1938 3143 Epo

233 3195 318 3245 vero
340 3195 385 3242 ne
407 3168 444 3239 in
465 3190 508 3239 eo
529 3161 671 3262 quidem
693 3164 891 3260 acquiesco,
918 3163 1014 3262 qood
1029 3160 1203 3237 Lindario
1226 3165 1339 3237 risum
1359 3175 1414 3237 est
1427 3162 1502 3266 111)
1524 3163 1645 3240 mem
1666 3165 1794 3261 redire,
1820 3179 1938 3243 utrum

232 3298 365 3399 legas,
380 3291 442 3367 sed
467 3293 578 3390 ipsam
601 3290 778 3390 vulgatam
803 3291 887 3365 ferri
911 3316 1014 3390 posse
1038 3315 1150 3392 nepo,
1177 3291 1209 3363 ai
1232 3288 1373 3390 quidem
1394 3296 1567 3394 genitivus
1591 3292 1771 3370 absolutus
1797 3308 1937 3398 tempus

307 3518 373 3583 111)
390 3517 436 3570 ct.
455 3518 555 3569 ltitter.
575 3515 673 3570 Gsseb.
693 3516 722 3568 d.
738 3514 842 3570 Plrilos.
862 3517 896 3569 Τ.
912 3516 950 3579 ll,
968 3535 997 3588 p.
1011 3515 1076 3581 381,
1092 3517 1141 3588 qui
1161 3517 1283 3588 qaamrls
1300 3523 1328 3570 st
1345 3518 1405 3588 ipse
1422 3517 1559 3587 wigstan
1577 3518 1722 3573 lectionem
1740 3528 1849 3575 secotm
1865 3522 1937 3579 laos

235 3618 345 3672 l‘latcui
361 3615 523 3669 seutentiam
536 3613 655 3667 tribeati
673 3613 776 3666 Platea
786 3612 885 3685 findet,
903 3614 967 3667 dass
980 3633 1035 3668 ora
1050 3615 1102 3668 des
1113 3614 1345 3689 orrsebimqesssa
1356 3616 1549 3688 Raueqaaqrrs
1564 3615 1612 3669 der
1627 3616 1750 3671 Gemi-rae
1765 3618 1815 3671 das
1825 3618 1937 3675 Settet·

233 3714 279 3769 sal
295 3714 342 3770 der
358 3712 504 3766 nmetes
522 3710 664 3784 ablasiaqiq
683 3714 737 3774 ist,
759 3712 817 3765 aad
836 3713 901 3766 dass
917 3729 945 3765 es
961 3712 1063 3776 denes,
1086 3712 1188 3766 welche
1203 3712 1321 3766 derides·
1336 3712 1452 3786 qelsbrr'q
1468 3713 1678 3769 monstratos
1695 3717 1733 3768 isa
1748 3714 1854 3769 Stassla
1869 3736 1937 3790 sayra

233 3812 349 3874 salites,
366 3812 443 3864 molal
458 3809 577 3883 arbqlieb
593 3828 660 3880 seyr
678 3809 785 3880 distis,
804 3809 855 3862 das
872 3810 1032 3884 saiialiiqe
1051 3809 1182 3864 Gesalrielr
1199 3810 1248 3864 der
1264 3810 1409 3863 nemetes
1427 3811 1529 3865 darm
1546 3830 1578 3865 aas
1597 3814 1743 3875 altasar,
1766 3815 1796 3868 ia
1815 3816 1936 3887 narplaa

233 3918 325 3964 uraca
343 3906 410 3962 llaec
428 3914 557 3962 saecuta
577 3907 635 3962 diss
651 3907 688 3961 ist
706 3907 750 3960 bei
766 3906 819 3960 dea
834 3908 1020 3981 qrirelsiselea
1037 3908 1225 3982 Pbr’lssaplea
1242 3908 1288 3962 slis
1305 3918 1374 3961 rrste
1389 3909 1465 3982 Spar
1482 3909 1530 3963 der
1548 3909 1729 3972 Gmdsitze,
1747 3912 1806 3984 aas
1815 3914 1937 3968 wslrbsa

234 4008 280 4062 dis
295 4006 455 4078 Asta-oloqia
473 4006 580 4061 berabt.

306 4100 371 4170 118)
390 4101 477 4173 quq.
496 4102 734 4175 v11‚p.artsq.
771 4102 865 4175 lisque
883 4104 954 4156 illud
971 4105 1165 4175 negligendum
1185 4105 1260 4173 quod
1278 4103 1374 4157 Cicero
1391 4106 1475 4158 tradit
1494 4107 1529 4159 de
1547 4106 1640 4158 Diria.
1660 4105 1699 4158 ll.
1717 4108 1764 4171 12,
1782 4110 1935 4163 auditorem

233 4186 321 4277 ipsios
343 4201 484 4255 Eudoxum
509 4203 640 4274 seriptum
662 4203 806 4273 reliquisse
827 4201 979 4256 Gltsldseis
1002 4206 1033 4256 ia
1056 4204 1243 4276 praedictione
1267 4212 1295 4256 et
1316 4207 1457 4257 sondrae
1479 4202 1612 4277 sajasqss
1632 4206 1705 4259 ritae
1729 4224 1762 4259 rx
1780 4206 1873 4260 setall
1888 4204 1935 4261 ste

234 4305 343 4357 saisisse
361 4319 416 4354 esse
433 4299 609 4360 ardenda-s,
634 4318 689 4369 quo
708 4317 787 4353 omae
804 4299 857 4356 boe
875 4303 1054 4372 astrologicae
1071 4303 1247 4356 divinationis
1264 4318 1350 4373 genos
1368 4304 1499 4357 concidit.

307 4400 370 4467 llll)
388 4401 484 4468 Prarp.
505 4415 601 4468 eraaq.
618 4398 697 4451 xlll.
718 4398 764 4453 18.

308 4497 373 4564 12⁰)
392 4495 488 4567 laegat.
508 4511 557 4567 pro
576 4495 676 4549 Clrrlst.
695 4514 724 4567 p.
740 4496 758 4549 1
776 4498 821 4552 ed.
838 4498 933 4575 steph.

310 4595 372 4663 121)
390 4598 490 4650 sonat.
509 4598 546 4648 ad
560 4595 699 4647 Timaeum
716 4612 747 4668 p.
762 4596 806 4650 dl.
