4358 5482
261 430 404 531 quidem
439 451 496 501 rer
526 425 690 525 difficiles
720 436 755 497 et
792 425 993 516 abstrusas,
1030 424 1232 522 eujusmodi
1261 435 1354 498 totns
1388 425 1447 499 tte
1472 429 1584 528 serrae
1614 429 1711 501 locros
1744 441 1815 522 est,
1851 433 1967 505 verbm

261 556 429 655 eomeqrri
456 579 579 651 posse,
622 563 791 654 qrmntam
825 553 970 626 dicendi
1001 554 1072 624 uim
1107 564 1342 653 quantamque
1375 555 1513 650 copiam
1551 557 1587 625 in
1622 557 1738 628 verbis
1771 570 1965 654 consparsi,

261 686 336 782 ipre
360 683 452 769 ¹sotis
488 683 525 753 in
561 679 716 754 Oratore
751 690 786 753 et
819 681 883 780 qai
915 683 960 754 de
988 691 1065 754 arte
1087 679 1233 752 dicendi
1265 682 1368 753 nobis
1394 695 1586 780 praecepto
1617 683 1857 784 reliquerunt,
1894 710 1968 759 non

261 811 394 909 injurio
419 810 634 907 perarmderc
665 807 787 883 eonati
812 818 914 902 sant,
944 810 1118 909 siquidem
1143 806 1226 880 hinc
1249 808 1469 904 potr‘rriraam
1497 821 1531 883 et
1560 811 1693 909 iapenii
1714 811 1807 884 vires
1831 824 1866 885 ct
1892 812 1967 884 elo·

257 939 438 1040 quantiam
462 936 616 1034 aiicujus
640 935 743 1007 rrobia
767 935 851 1009 licet
875 938 1029 1032 intueri,
1067 935 1195 1035 quibus
1218 935 1333 1009 verbis
1357 963 1421 1012 nee
1448 939 1563 1035 ipsum
1590 936 1834 1013 Demosthenis
1859 941 1966 1013 inter·

258 1066 416 1167 pretendi
449 1064 634 1138 consilium
667 1073 761 1135 recte
793 1061 1004 1137 declaratum
1015 1115 1028 1156 ,
1069 1090 1182 1163 neque
1216 1090 1256 1139 eu
1288 1064 1477 1139 similitudo
1511 1065 1744 1139 demonstrata
1776 1078 1852 1156 est,
1896 1093 1966 1167 qua

257 1196 393 1268 Timaei
423 1191 738 1290 interpretationem
772 1214 853 1263 cum
885 1190 944 1264 illu
981 1194 1149 1268 contineri
1182 1192 1304 1266 voluit.
1357 1190 1480 1290 Atque
1508 1195 1651 1267 omnino
1683 1194 1734 1269 sic
1766 1193 1964 1273 iubendum

256 1335 332 1414 est,
380 1320 490 1394 solius
530 1320 768 1392 ostentationis
806 1314 1074 1416 experiendique
1113 1322 1243 1420 ingenii
1282 1343 1386 1392 causa
1424 1318 1511 1391 nibil
1548 1304 1702 1417 unquam
1738 1346 1759 1392 a
1795 1320 1965 1405 Cicerone

254 1453 423 1548 scriptam
448 1473 549 1538 csse,
585 1449 651 1520 uisi
683 1445 788 1519 simul
812 1445 964 1544 aliquam
990 1446 1170 1523 utilitatem
1197 1461 1256 1520 aut
1280 1449 1349 1546 ipsi
1375 1459 1435 1520 aut
1460 1445 1595 1519 civibus
1618 1449 1776 1544 all'erret3
1814 1451 1965 1549 quodsi

255 1577 299 1651 de
332 1579 442 1675 ipsius
475 1576 719 1649 exercitatione
750 1577 787 1647 iu
819 1577 1043 1672 sexagenario
1075 1578 1134 1648 vix
1168 1576 1317 1674 amplius
1351 1577 1495 1673 cogitari
1524 1586 1660 1673 potest,
1697 1576 1785 1651 illud
1816 1583 1965 1655 maxime

255 1702 603 1802 circumspiciendum
631 1713 704 1793 est,
739 1703 796 1775 cui
821 1698 1000 1773 bominum
1026 1704 1143 1801 paneri
1163 1700 1361 1800 quibusque
1386 1702 1508 1775 stradiis
1534 1701 1624 1777 hanc
1648 1705 1963 1802 interpretationem

254 1833 372 1906 utilem
398 1833 472 1906 iore
498 1831 702 1930 speraverit.
756 1828 812 1901 Ea
845 1855 927 1904 vero
960 1829 1064 1929 longe
1089 1830 1157 1908 alia
1182 1855 1258 1903 esse
1284 1827 1468 1924 debuisse,
1506 1854 1550 1903 ac
1575 1857 1723 1929 quorum
1748 1833 1784 1904 in
1809 1857 1963 1907 commo·

255 1962 337 2034 duur
362 1958 635 2034 Demosthenem
666 1934 701 2030 et
724 1954 936 2045 Aeschinem
963 1960 1206 2055 interpretatus
1233 1968 1306 2049 est,
1338 1970 1372 2030 et
1404 1970 1645 2056 argumentum
1675 1961 1790 2056 operis
1819 1973 1854 2035 et
1884 1963 1962 2059 ipsa

253 2090 364 2163 turma
391 2091 477 2162 satis
502 2111 675 2184 superque
702 2083 816 2159 ducet.
868 2087 1003 2183 Nempe
1029 2085 1071 2158 de
1097 2097 1300 2183 argumento
1323 2086 1382 2158 vix
1410 2085 1581 2183 estquod
1609 2113 1789 2179 moneam,
1828 2115 1897 2162 uon
1922 2114 1963 2163 ea

256 2230 369 2290 mente
394 2218 578 2289 Timaeum
606 2239 627 2285 a
653 2212 823 2287 Cicerone
848 2213 885 2285 iu
911 2212 1074 2286 Latinum
1101 2239 1295 2287 sermonem
1321 2216 1473 2287 converti
1501 2217 1674 2313 potuisse,
1703 2240 1772 2312 qua
1797 2215 1962 2315 eloquen-

257 2347 323 2418 tiae
346 2343 504 2418 Graecae
527 2344 701 2440 principes
723 2339 918 2432 transtulit,
954 2352 993 2412 ut
1013 2365 1092 2413 enm
1119 2340 1343 2440 popularibus
1369 2344 1443 2413 sais
1469 2341 1513 2413 ad
1538 2343 1761 2415 imitationem
1786 2356 1822 2417 et
1846 2357 1963 2419 rectae

255 2471 378 2545 barum
406 2496 520 2544 rerum
544 2469 758 2542 tractationis
783 2469 958 2566 exemplar
981 2482 1209 2566 proponeret;
1243 2470 1303 2566 qui
1330 2472 1552 2565 quantumvis
1579 2497 1735 2542 summus
1761 2471 1964 2547 Platonicae

218 2654 223 2664 .
255 2600 442 2697 sapientiae
467 2596 580 2670 cultor
605 2608 709 2694 atque
733 2596 867 2669 amicus
893 2595 1018 2687 fuerit,
1056 2609 1170 2670 tamen
1201 2598 1415 2693 clipeorum
1442 2622 1530 2695 quae
1562 2598 1596 2668 in
1623 2599 1769 2669 Timaeo
1795 2596 1963 2672 docentur

254 2728 517 2800 inconstantiam
551 2728 664 2825 arguit
686 2726 761 2826 ¹⁷),
797 2737 905 2824 utque
938 2724 1006 2798 boc
1038 2751 1082 2795 ex
1114 2722 1279 2822 Epicurei
1307 2726 1421 2822 potius
1455 2749 1558 2822 qnam
1586 2721 1765 2799 Ciceronis
1790 2728 1961 2798 sententia

254 2852 383 2927 dictum
413 2878 490 2926 esse
516 2853 746 2928 concedamus
765 2854 840 2954 18),
882 2854 918 2923 in
946 2854 1021 2951 ipsa
1046 2852 1181 2925 Timaei
1205 2854 1416 2951 praelatione
1441 2851 1543 2923 claris
1567 2851 1682 2924 verbis
1712 2853 1894 2950 prolitctur
1923 2879 1961 2927 se

254 3008 362 3081 quum
383 2984 419 3055 iu
444 2981 543 3056 libris
567 2986 641 3056 suis
666 2997 787 3057 contra
812 2978 977 3079 physicos
1002 2961 1203 3078 scripsisse,
1234 2992 1307 3053 tum
1334 3005 1414 3053 cum
1439 2979 1581 3080 Nigidio
1606 2979 1812 3078 philosopho
1839 2980 1960 3054 Plato·

254 3111 335 3184 nicn
350 3107 553 3185 Carneadeo
574 3137 668 3185 more
691 3111 758 3185 boc
785 3122 838 3183 est
859 3108 1055 3182 dubitanter
1077 3122 1179 3206 atque
1201 3111 1237 3180 in
1263 3118 1601 3207 utramquepartem
1626 3133 1728 3205 saepe
1750 3107 1958 3205 disputasse,

252 3249 291 3310 ut
315 3237 403 3310 nibil
433 3241 548 3310 minus
581 3237 758 3336 probabile
783 3240 850 3332 sit,
890 3262 993 3336 quam
1020 3235 1087 3309 boc
1112 3239 1178 3336 ipsi
1211 3239 1247 3308 in
1273 3263 1314 3310 eo
1340 3237 1480 3336 negotio
1510 3237 1724 3335 propositum
1755 3235 1884 3328 fuisse,
1923 3249 1960 3311 ut

251 3365 429 3439 Romanas
455 3366 499 3440 ad
525 3379 682 3439 naturam
706 3394 821 3441 rerum
847 3365 1007 3438 Platonis
1032 3369 1185 3466 vestigiis
1209 3364 1493 3465 perscrutandam
1519 3364 1692 3437 invitaret.
1745 3363 1822 3439 Nec
1848 3363 1961 3437 inrma

250 3494 365 3590 operis
393 3516 473 3564 eum
503 3520 543 3567 ea
576 3498 767 3594 comparari
801 3506 931 3594 potest,
971 3519 1039 3592 qua
1066 3519 1103 3566 se
1134 3498 1169 3567 iu
1204 3495 1271 3568 iliis
1303 3492 1517 3569 orationibus
1549 3519 1650 3565 usum
1686 3516 1762 3564 esse
1792 3490 1956 3566 ostendit.

251 3621 331 3693 Has
357 3622 462 3714 enim,
491 3624 520 3694 si
544 3625 659 3722 ipsum
683 3624 855 3714 audimus,
885 3648 953 3693 nnn
981 3625 1150 3696 convertit
1175 3634 1214 3695 at
1242 3624 1428 3720 interpres,
1447 3622 1523 3693 'sed
1544 3632 1583 3693 at
1608 3630 1743 3711 orator,
1778 3621 1959 3692 sententiis

252 3749 376 3821 iridem
410 3761 445 3822 ct
479 3776 600 3822 earnm
629 3754 756 3853 soranis
789 3764 956 3852 tanquam
986 3750 1136 3850 βριθὺ,
1168 3752 1283 3823 verbis
1317 3751 1367 3820 ad
1395 3748 1641 3822 Rornanorum
1673 3748 1957 3819 eonsrrctnrlinem

325 3980 369 4047 li)
386 3981 450 4036 Nar.
471 3985 554 4037 Deus.
576 3985 599 4036 l.
621 3982 665 4037 12.
684 3983 734 4036 3⁰2
761 3983 825 4057 jam
848 3984 883 4036 dr
904 3985 1032 4036 Platonis
1055 3985 1238 4037 incendatis
1263 3983 1374 4054 drapum
1398 3991 1438 4033 ert
1460 3981 1565 4042 dicere,-
1594 3980 1645 4052 qni
1667 3980 1697 4030 in
1718 3978 1828 4033 Timaea
1852 3990 1958 4051 patrem

207 4119 210 4123 .
249 4076 333 4148 bajas
351 4080 446 4132 arnadi
463 4084 698 4154 numeroseque
714 4101 792 4154 parre
819 4118 826 4132 .
909 4082 980 4133 idere
998 4091 1026 4134 et
1043 4083 1073 4133 irs
1094 4082 1203 4135 remeo
1223 4081 1291 4134 dicit
1307 4090 1334 4133 rt
1355 4081 1384 4132 in
1401 4081 1523 4152 Lepidae
1548 4089 1573 4130 rt
1598 4075 1726 4129 mandans
1752 4077 1829 4130 άιιωι
1855 4097 1910 4132 rrrc
1932 4090 1958 4132 rt

249 4176 352 4227 uena
370 4185 398 4226 et
413 4188 488 4230 aava
509 4217 515 4230 .
537 4217 545 4232 .
566 4218 573 4232 .
594 4199 665 4253 qnae
683 4190 710 4232 et
724 4198 774 4250 per
792 4197 820 4232 rc
838 4189 902 4232 snat
917 4180 993 4250 salsa
1009 4183 1196 4252 perspiceret
1214 4181 1285 4232 ister
1301 4197 1357 4243 rere
1373 4177 1540 4228 veliementer
1556 4175 1751 4247 repapaaentia.

322 4272 367 4339 ¹8)
387 4272 431 4324 Cl.
453 4276 587 4345 imprimis
606 4278 758 4331 liriscbiunr
778 4278 971 4347 Furrcbuugeu
990 4279 1041 4330 rut
1055 4280 1115 4330 dem
1135 4278 1249 4331 Gebiete
1266 4279 1315 4329 der
1333 4277 1407 4328 alten
1431 4272 1606 4342 Philoscpbie
1632 4272 1665 4324 Τ.
1687 4273 1711 4334 1,
1734 4291 1763 4342 p.
1786 4272 1851 4325 ldie
1877 4275 1958 4327 erist

247 4388 319 4441 prees
337 4373 415 4443 irriq,
434 4391 513 4425 aaran
531 4376 644 4427 Iliebtrr
661 4376 694 4428 rie
713 4375 780 4427 idcir
799 4375 925 4428 Platonis
940 4376 1005 4445 pud
1025 4377 1055 4427 in
1074 4374 1126 4428 rica
1144 4376 1263 4428 Warterr
1282 4376 1315 4426 dc
1335 4372 1456 4425 Platonis
1474 4372 1657 4423 inconstantia
1677 4372 1787 4440 tanqum
1805 4378 1846 4423 est
1864 4372 1956 4425 dicere

248 4470 293 4519 ria
310 4469 375 4520 ether
390 4469 506 4523 Platoris
521 4470 609 4523 Lebre
625 4474 755 4544 pefitlter
772 4472 947 4544 sllqrmeiner
965 4473 1071 4525 Urtlrril
1089 4473 1135 4526 der
1152 4473 1247 4525 Cicera
1264 4469 1367 4542 findet,
1386 4470 1456 4524 abac
1473 4488 1505 4521 sn
1527 4468 1772 4541 bertichrr'ebtiprrs,
1791 4470 1854 4521 drrr
1871 4470 1956 4522 dieser

248 4566 321 4619 blarr
339 4569 375 4619 ias
398 4567 488 4622 Gcirte
506 4572 578 4623 einer
594 4571 760 4643 Epilrrrrrerr
775 4571 942 4646 perprrrhrrr
968 4571 1024 4624 artri
1042 4573 1119 4626 aielrt
1136 4574 1228 4625 writer
1245 4570 1434 4623 carradelrrca
1452 4570 1504 4629 ist,
1530 4568 1573 4619 alr
1591 4567 1638 4621 der
1648 4566 1754 4642 jerziqc
1773 4568 1955 4639 epibarrr’rcbr

246 4663 421 4735 Standprrnet
438 4677 588 4722 uerrlattct.
