4358 5482
1128 216 1165 304 8

293 454 396 539 atque
429 438 472 512 ab
507 440 549 513 iis
587 438 717 510 laetum
749 445 820 526 est,
859 439 919 532 qui
951 435 1036 509 nibil
1071 437 1136 508 nisi
1170 435 1482 533 interpretationem
1519 436 1732 509 attendentes
1764 436 1832 511 boe
1867 449 1999 511 tantum

291 568 472 641 consilium
500 565 662 640 Ciceroni
684 563 880 637 tribuerunt
888 615 901 656 ,
935 575 974 636 ut
998 563 1129 637 aditum
1154 563 1378 662 popularibus
1404 588 1613 662 quacunque
1639 564 1682 640 de
1711 591 1813 639 causa
1848 565 1892 640 ad
1921 566 1999 664 pbi-

290 694 429 794 losopbi
457 693 584 767 Graeci
614 691 800 792 penetralia
830 695 990 790 aperiret.
1054 694 1227 765 Nimirum
1265 694 1295 764 si
1331 691 1399 765 hoc
1435 688 1593 783 volebat,
1630 705 1688 764 aut
1721 697 1833 767 omnis
1869 695 1999 794 dialogi

291 824 403 896 forma
431 820 603 913 tollenda,
642 828 702 892 aut
732 821 762 892 ai
794 845 869 892 eam
899 822 1046 894 retinere
1072 818 1271 920 placuerat,
1307 844 1532 918 personarum
1566 844 1706 918 quoquc
1737 825 1998 896 Platonicorum

291 948 450 1023 condicio
475 946 645 1022 seruanda
672 957 767 1038 erat,
796 948 863 1019 nisi
891 948 982 1022 sorte
1009 946 1212 1023 Ciceronem
1241 947 1361 1022 endem
1390 947 1493 1023 modo
1520 947 1646 1022 lusisse
1671 948 1898 1042 arbitramur,
1929 976 2000 1049 quo

291 1078 508 1178 palliatarum
543 1085 662 1175 poetae
692 1099 856 1173 personas
881 1079 1035 1152 Graecas
1058 1102 1138 1150 eum
1166 1076 1286 1176 lingua
1314 1075 1418 1149 simul
1439 1077 1542 1149 etiam
1572 1074 1617 1147 ad
1641 1077 1823 1151 Romanae
1854 1102 1999 1153 consue·

291 1205 421 1279 tudinis
446 1229 639 1278 sermonem
660 1202 920 1298 deformarent,
959 1230 1109 1303 quoram
1134 1229 1243 1304 quum
1273 1204 1333 1277 illc
1358 1206 1518 1277 neutrum
1543 1204 1687 1296 lecerit,
1724 1204 1785 1278 sed
1811 1204 1999 1282 clarissime

292 1336 491 1407 Romanum
526 1330 700 1406 bominem
731 1356 774 1405 ex
799 1331 960 1404 Platonis
986 1332 1153 1406 sententia
1180 1331 1402 1404 disserentem
1430 1331 1680 1424 introduxerit,
1718 1331 1798 1405 vide
1830 1358 1875 1405 ne
1906 1344 1999 1407 totus

292 1461 351 1534 bic
379 1460 477 1536 locus
507 1464 667 1560 quamuis
697 1462 783 1560 ipsis
814 1460 929 1533 verbis
957 1487 1001 1534 ex
1028 1461 1176 1535 Platone
1204 1482 1389 1557 expressus
1419 1458 1558 1558 majoris
1587 1458 1734 1559 alicujus
1770 1464 1883 1559 operis
1917 1487 1998 1559 pars

292 1589 419 1680 luerit,
456 1614 527 1687 quo
555 1588 682 1663 Cicero
708 1588 899 1660 doctrinam
930 1587 973 1659 de
999 1589 1133 1687 urigine
1161 1598 1195 1661 et
1224 1597 1344 1658 natura
1370 1609 1486 1658 rerum
1516 1587 1619 1659 simili
1651 1588 1755 1661 modo
1784 1592 1996 1679 tractaverit,

291 1742 363 1816 quo
392 1719 483 1792 circa
512 1716 656 1790 eandem
688 1726 832 1789 aetatem
859 1714 1042 1813 plerasque
1069 1713 1221 1813 reliquae
1251 1712 1490 1812 pbilosopbiac
1519 1727 1633 1812 partes
1658 1715 1714 1788 vel
1736 1716 1920 1791 Platonico
1944 1717 1999 1790 uel

293 1860 331 1918 ut
358 1849 434 1943 ipse
463 1848 509 1917 ait
540 1842 744 1917 Aristotelio
776 1866 871 1915 more
904 1844 939 1914 in
973 1842 1187 1943 dialogorum
1220 1843 1367 1917 formam
1394 1842 1539 1942 redegit.
1594 1840 1654 1915 Ac
1684 1842 1753 1915 tale
1783 1844 1870 1942 quid
1895 1846 1997 1918 ctiam

293 1971 452 2046 Heusdio
478 1969 673 2045 suboluisse
697 1970 854 2063 videtur,
885 1968 992 2068 digno
1012 1969 1283 2070 eloquentissimi
1308 1971 1460 2069 parentis
1486 1969 1582 2061 tilio,
1618 1973 1680 2069 qui
1706 1972 1742 2042 in
1768 1973 1902 2047 erudita
1927 1973 1997 2046 dis·

292 2102 476 2199 quisitionc
506 2099 549 2173 de
575 2099 813 2198 philosophiae
841 2096 1089 2173 Ciceronianae
1119 2099 1214 2172 fonte
1246 2099 1432 2198 praecipuo
1459 2099 1506 2169 ita
1533 2096 1577 2170 de
1606 2095 1674 2170 boc
1699 2096 1817 2172 libello
1844 2099 1998 2199 disputa·
2088 2143 2089 2146 ι

292 2233 345 2301 vit
359 2228 434 2329 26);
463 2240 621 2326 superest
645 2228 787 2300 exordii
809 2226 969 2317 initiam,
1000 2252 1044 2299 er
1067 2252 1136 2328 pun
1158 2224 1246 2299 satr‘s
1269 2236 1363 2297 certo
1387 2236 1591 2323 urpumento
1614 2238 1730 2323 potet,
1760 2253 1832 2300 non
1854 2231 1997 2306 cannino

294 2381 498 2430 oenomaum
526 2382 549 2428 u
580 2356 752 2430 Cicerone
779 2366 888 2427 toturn
911 2354 1077 2427 Plutone}
1103 2354 1285 2454 diulopum
1310 2379 1405 2446 esse,
1440 2380 1559 2427 verram
1583 2367 1729 2454 excepta
1762 2357 1903 2430 Timaei
1923 2357 1997 2455 1³,-

295 2485 458 2584 tlruqorei
484 2485 649 2557 oratione
676 2485 844 2555 continua
871 2481 1010 2582 relique
1043 2483 1153 2580 ipsias
1181 2483 1330 2555 arbitrio
1360 2484 1559 2580 conscripta
1591 2495 1696 2582 atqrrc
1727 2484 1868 2557 iuventa
1900 2509 1996 2579 esse,

295 2613 384 2686 idem
417 2625 531 2686 tamen
564 2638 671 2711 quum
704 2608 936 2709 praejudicata
967 2610 1128 2708 opinione
1150 2605 1287 2683 'ductus
1323 2607 1547 2682 nibilominus
1582 2609 1742 2683 Platonis
1779 2614 1997 2708 potissimum

293 2745 402 2842 gratia
441 2741 534 2814 banc
571 2740 886 2837 interpretationem
922 2738 1111 2809 institutam
1142 2749 1259 2836 putet,
1292 2763 1437 2836 eamque
1464 2735 1551 2810 adeo
1584 2761 1663 2810 cum
1691 2737 1752 2810 illa
1783 2740 1998 2838 Protagorae

293 2871 413 2945 eodem
446 2870 525 2942 loco
554 2866 699 2961 babeat,
738 2892 801 2940 nec
831 2868 906 2965 ipse
938 2865 1007 2939 boc
1040 2869 1216 2941 inventum
1248 2864 1349 2938 lirmo
1381 2864 1492 2964 pado
1525 2867 1685 2963 persequi
1713 2890 1821 2938 ausus
1855 2879 1928 2958 cat,
1964 2879 1999 2940 et

294 3025 474 3073 censorem
498 3022 599 3071 suum
620 2995 889 3086 Monacensem,
920 2994 1002 3066 dum
1025 2996 1055 3067 is
1079 3021 1117 3068 se
1138 2995 1230 3068 idem
1255 3019 1334 3067 cum
1356 2994 1417 3067 illo
1441 2979 1568 3066 sentire
1591 2992 1797 3086 arbitratur,
1823 2997 1860 3066 in
1883 2997 1997 3068 omnia

294 3127 360 3209 alia
388 3125 550 3224 abripuit.
613 3125 649 3196 ls
676 3125 788 3214 enim,
830 3147 934 3221 quem
962 3123 1158 3222 doaepbum
1184 3121 1361 3220 lloppium
1395 3121 1501 3193 fuisse
1537 3119 1707 3213 arbitror,
1747 3119 1814 3194 boc
1851 3123 1997 3194 maxime

295 3256 410 3325 animo
434 3254 617 3325 Timaeu-
642 3278 661 3323 a
691 3252 861 3325 Cicerone
888 3251 1089 3324 translatum
1117 3277 1193 3325 esse
1216 3253 1410 3340 existimat,
1439 3260 1479 3322 ut
1504 3248 1571 3322 snb
1595 3249 1698 3322 iinem
1727 3253 1817 3323 ritae
1843 3248 1889 3322 ad
1918 3274 1997 3345 pro·

294 3379 489 3451 l'undiorem
512 3372 639 3452 ¹rerum
674 3379 996 3478 contemplationem
1029 3390 1256 3454 recederetur
1287 3390 1322 3452 et
1352 3379 1451 3478 quasi
1480 3379 1672 3476 insipientis
1701 3378 1888 3476 sapientiae
1918 3399 1996 3472 per·

296 3706 345 3758 ille
366 3710 524 3766 φαντασίαν,
552 3719 600 3751 aas
626 3696 739 3751 visura
764 3702 931 3773 appellemus
953 3702 1024 3754 licet.
1064 3701 1136 3754 lbid.
1157 3702 1194 3753 ll.
1213 3701 1257 3754 17.
1278 3703 1324 3755 51ι
1355 3722 1386 3756 ea
1411 3703 1471 3755 dieo
1496 3705 1652 3773 incerta,
1680 3722 1750 3774 qaae
1774 3699 1861 3770 teate
1889 3698 1994 3750 Craeri.

296 3803 357 3853 Fir.
378 3802 430 3852 lll.
451 3800 477 3850 7.
498 3797 548 3853 2⁶2
579 3798 662 3849 sentia
680 3799 765 3857 enim,
789 3798 886 3860 ereda,
916 3820 956 3852 are
967 3800 1031 3873 jaas
1050 3799 1115 3860 diu,
1135 3800 1210 3871 parad
1226 3802 1297 3859 eliac
1317 3800 1418 3853 Crueei
1434 3802 1545 3864 dieunt,
1564 3801 1594 3854 id
1611 3802 1698 3854 dicere
1717 3809 1772 3852 tans
1790 3806 1995 3856 extremaue,

297 3908 351 3951 tara
372 3882 546 3956 ultimum,
566 3904 621 3947 aaa
638 3912 806 3946 rammam.
846 3896 918 3948 lbid.
940 3897 990 3949 lll.
1012 3895 1055 3949 to.
1076 3895 1127 3947 53·
1152 3897 1226 3969 qued
1245 3901 1314 3949 enirn
1333 3898 1380 3950 illi
1392 3896 1535 3965 ἀδιάφορον
1553 3898 1656 3959 dieunt,
1676 3897 1706 3950 id
1724 3895 1794 3947 anili
1810 3896 1850 3946 ita
1870 3897 1995 3954 occurrit,

295 4005 327 4047 at
345 3994 563 4064 indifferens
580 3992 703 4045 dicarem.
743 3993 814 4045 lbid.
835 3994 881 4045 w.
900 3993 946 4046 27.
966 3994 1014 4046 ll:
1036 3995 1102 4047 lraee
1119 3994 1254 4066 παράδοξα
1273 3996 1328 4055 illi,
1348 4014 1397 4049 aea
1415 3998 1653 4051 admirabilia
1672 3995 1802 4048 dieamus,
1840 3993 1951 4045 Tacent.
1973 3993 1995 4042 Ι.

296 4091 321 4143 7.
343 4091 392 4142 ll:
423 4093 713 4159 pronunciatum
734 4083 862 4144 aie’aairn
880 4091 949 4144 nite·
965 4094 995 4144 iu
1010 4095 1165 4164 praesentia
1183 4096 1316 4154 aemrrit,
1341 4104 1373 4146 ar
1391 4097 1557 4168 appellarem
1575 4094 1687 4157 a‘itunnr
1715 4102 1777 4146 astar
1792 4100 1856 4164 pert
1873 4091 1948 4150 alio,
1973 4091 1999 4140 si

296 4195 419 4242 inuenero
439 4191 543 4240 meiius.
583 4189 654 4240 lbid.
676 4189 722 4241 lv.
747 4188 788 4242 ll.
809 4190 860 4242 252
880 4189 1143 4251 mulierositaa,
1162 4203 1194 4245 aet
1212 4195 1252 4245 ita
1269 4194 1404 4266 appellem
1422 4214 1490 4256 eam,
1510 4214 1580 4268 qaae
1601 4193 1703 4245 Graece
1720 4187 1866 4258 celerrime
1884 4189 1993 4239 dieitur.

296 4289 357 4341 Nat.
379 4288 461 4338 Deor.
483 4287 504 4337 l.
525 4287 551 4337 8.
574 4283 621 4336 ld:
649 4286 802 4339 Stoicarum
826 4282 961 4358 rapiantur,
987 4306 1069 4359 quara
1092 4290 1192 4342 Latiae
1217 4290 1280 4343 lieet
1302 4292 1570 4363 providentiam
1594 4291 1690 4343 dicere.
1729 4290 1800 4341 lbid.
1823 4288 1858 4339 ll¹
1880 4285 1923 4337 18.
1943 4283 1993 4335 lt:

296 4405 328 4438 ex
345 4386 442 4438 solidis
459 4385 604 4459 plebeae.-
622 4386 661 4437 aie
678 4387 748 4436 enim
765 4397 877 4455 σφαῖραν
891 4387 1064 4458 interpretari
1078 4388 1185 4458 plaeetr
1205 4407 1238 4441 aa·
1247 4389 1340 4460 plania
1357 4392 1496 4443 auten'ei
1502 4389 1628 4441 reulus
1645 4399 1693 4440 aut
1711 4389 1823 4445 ariis,
1844 4384 1893 4454 qni
1906 4380 1997 4441 atialus

298 4485 400 4537 Graece
419 4483 529 4536 dieitur.
567 4482 661 4534 Diria.
682 4481 718 4533 ll.
738 4482 782 4534 11.
804 4482 854 4535 92:
883 4489 932 4556 pai
948 4505 965 4536 a
987 4484 1098 4537 Graecis
1115 4481 1240 4557 ipiiarrsc
1257 4491 1446 4549 nominantem,
1466 4508 1483 4540 a
1502 4490 1581 4540 asabia
1597 4488 1771 4557 finientes
1788 4480 1932 4533 raetieea'rae
1949 4499 1995 4532 aa·

295 4584 396 4634 minari
411 4591 532 4654 possunt.
573 4580 643 4632 ibid.
664 4580 700 4630 ll.
723 4578 767 4632 5³.
788 4579 856 4633 1082
882 4599 952 4652 qaae
970 4583 1092 4651 λήμματα
1111 4585 1254 4656 appellarat
1272 4586 1421 4645 dr'uleetiea'3
1446 4585 1494 4637 ml
1511 4603 1560 4638 aaa
1579 4585 1677 4637 Latiae
1696 4583 1775 4652 loqui
1791 4580 1924 4631 natamus
1941 4586 1995 4630 etc.

366 4678 412 4745 ib)
433 4680 465 4732 L.
486 4697 511 4733 c.
532 4699 559 4750 p.
580 4678 641 4730 275.
